%% This BibTeX bibliography file was created using BibDesk.
%% http://bibdesk.sourceforge.net/

%% Created for Sarah Howerter at 2018-11-27 19:33:08 -0500 


%% Saved with string encoding Unicode (UTF-8) 
@article{hoyer1974comparing,
  title={Comparing strategies in a spatial model of electoral competition},
  author={Hoyer, Robert W and Mayer, Lawrence S},
  journal={American Journal of Political Science},
  pages={501--523},
  year={1974},
  publisher={JSTOR}
}
@article{votermodel,
  title={A model for spatial conflict},
  author={Clifford, Peter and Sudbury, Aidan},
  journal={Biometrika},
  volume={60},
  number={3},
  pages={581--588},
  year={1973},
  publisher={Oxford University Press}
}


@INPROCEEDINGS{6939142, 
author={G. Mills and I. MacGill}, 
booktitle={2014 IEEE PES General Meeting | Conference Exposition}, 
title={Assessing electric vehicle distributed energy resource potential and transport energy requirement constraints}, 
year={2014}, 
volume={}, 
number={}, 
pages={1-5}, 
keywords={battery powered vehicles;power systems;electric vehicle distributed energy resource potential assessment;transport energy requirement constraints;electricity industry;aggregate storage;power system operation;temporal distributed energy resource potential characteristic;vehicle transport energy requirement constraint;battery state of charge profiles;vehicle trip information;recharging infrastructure availability;electric vehicle batteries;Vehicles;Density estimation robust algorithm;Batteries;Availability;Electric potential;System-on-chip;Electricity;Electric Vehicle;EV;PHEV;Distributed Energy;V2G;Power System Planning;Demand Side Participation}, 
doi={10.1109/PESGM.2014.6939142}, 
ISSN={1932-5517}, 
month={July},}

@techreport{markel2009field,
	Author = {Markel, Anthony J and Bennion, K and Kramer, W and Bryan, J and Giedd, J},
	Date-Added = {2018-11-27 18:10:36 -0500},
	Date-Modified = {2018-11-27 18:11:08 -0500},
	Institution = {Citeseer},
	Keywords = {charging behavior, optimization, range anxiety, smart grid},
	Title = {Field testing plug-in hybrid electric vehicles with charge control technology in the xcel energy territory},
	Year = {2009}}

@article{dowds2013estimating,
	Author = {Dowds, Jonathan and Hines, Paul DH and Blumsack, Seth},
	Date-Added = {2018-11-27 14:20:24 -0500},
	Date-Modified = {2018-11-27 14:20:49 -0500},
	Journal = {Socio-Economic Planning Sciences},
	Keywords = {energy model, PHEV},
	Number = {2},
	Pages = {76--88},
	Publisher = {Elsevier},
	Title = {Estimating the impact of fuel-switching between liquid fuels and electricity under electricity-sector carbon-pricing schemes},
	Volume = {47},
	Year = {2013},
	Bdsk-File-1 = {YnBsaXN0MDDSAQIDBFxyZWxhdGl2ZVBhdGhZYWxpYXNEYXRhXxA8UEFQRVJTLWVuZXJneS1tb2RlbHMvMjAxMy1Eb3dkc19IaW5lc19CbHVtc2Fjay1Kb25UaGVzaXMucGRmTxECLgAAAAACLgACAAAMTWFjaW50b3NoIEhEAAAAAAAAAAAAAAAAAAAAAAAAAEJEAAH/////HzIwMTMtRG93ZHNfSGluZXNfQiNGRkZGRkZGRi5wZGYAAAAAAAAAAAAAAAAAAAAAAAAAAAAAAAAAAAAAAAAAAP////8AAAAAAAAAAAAAAAAAAQADAAAKIGN1AAAAAAAAAAAAAAAAABRQQVBFUlMtZW5lcmd5LW1vZGVscwACAHsvOlVzZXJzOnNhcmFoaG93ZXJ0ZXI6RHJpdmU6VVZNOkdSQTpSX0VuZXJneU1vZGVsaW5nOmxpdHJldmlldzpQQVBFUlMtZW5lcmd5LW1vZGVsczoyMDEzLURvd2RzX0hpbmVzX0JsdW1zYWNrLUpvblRoZXNpcy5wZGYAAA4AUAAnADIAMAAxADMALQBEAG8AdwBkAHMAXwBIAGkAbgBlAHMAXwBCAGwAdQBtAHMAYQBjAGsALQBKAG8AbgBUAGgAZQBzAGkAcwAuAHAAZABmAA8AGgAMAE0AYQBjAGkAbgB0AG8AcwBoACAASABEABIAeVVzZXJzL3NhcmFoaG93ZXJ0ZXIvRHJpdmUvVVZNL0dSQS9SX0VuZXJneU1vZGVsaW5nL2xpdHJldmlldy9QQVBFUlMtZW5lcmd5LW1vZGVscy8yMDEzLURvd2RzX0hpbmVzX0JsdW1zYWNrLUpvblRoZXNpcy5wZGYAABMAAS8AABUAAgAU//8AAAAIAA0AGgAkAGMAAAAAAAACAQAAAAAAAAAFAAAAAAAAAAAAAAAAAAAClQ==}}

@article{peters2014consumers,
	Author = {Peters, Anja and D{\"u}tschke, Elisabeth},
	Date-Added = {2018-11-27 13:43:44 -0500},
	Date-Modified = {2018-11-27 13:44:01 -0500},
	Journal = {Journal of Environmental Policy \& Planning},
	Keywords = {EV adoption},
	Number = {3},
	Pages = {359--377},
	Publisher = {Taylor \& Francis},
	Title = {How do consumers perceive electric vehicles? A comparison of German consumer groups},
	Volume = {16},
	Year = {2014}}

@article{plotz2014will,
	Author = {Pl{\"o}tz, Patrick and Schneider, Uta and Globisch, Joachim and D{\"u}tschke, Elisabeth},
	Date-Added = {2018-11-27 12:56:08 -0500},
	Date-Modified = {2018-11-27 12:58:07 -0500},
	Journal = {Transportation Research Part A: Policy and Practice},
	Keywords = {EV adoption},
	Pages = {96--109},
	Publisher = {Elsevier},
	Title = {Who will buy electric vehicles? Identifying early adopters in Germany},
	Volume = {67},
	Year = {2014},
	Bdsk-File-1 = {YnBsaXN0MDDSAQIDBFxyZWxhdGl2ZVBhdGhZYWxpYXNEYXRhXxA8UEFQRVJTLUVWLWFkb3B0aW9uLzIwMTQtUGxvdHpfZXRhbC1lYXJseWFkb3B0ZXJzX0dlcm1hbnkucGRmTxECMAAAAAACMAACAAAMTWFjaW50b3NoIEhEAAAAAAAAAAAAAAAAAAAAAAAAAEJEAAH/////HzIwMTQtUGxvdHpfZXRhbC1lYSNGRkZGRkZGRi5wZGYAAAAAAAAAAAAAAAAAAAAAAAAAAAAAAAAAAAAAAAAAAP////8AAAAAAAAAAAAAAAAAAQADAAAKIGN1AAAAAAAAAAAAAAAAABJQQVBFUlMtRVYtYWRvcHRpb24AAgB7LzpVc2VyczpzYXJhaGhvd2VydGVyOkRyaXZlOlVWTTpHUkE6Ul9FbmVyZ3lNb2RlbGluZzpsaXRyZXZpZXc6UEFQRVJTLUVWLWFkb3B0aW9uOjIwMTQtUGxvdHpfZXRhbC1lYXJseWFkb3B0ZXJzX0dlcm1hbnkucGRmAAAOAFQAKQAyADAAMQA0AC0AUABsAG8AdAB6AF8AZQB0AGEAbAAtAGUAYQByAGwAeQBhAGQAbwBwAHQAZQByAHMAXwBHAGUAcgBtAGEAbgB5AC4AcABkAGYADwAaAAwATQBhAGMAaQBuAHQAbwBzAGgAIABIAEQAEgB5VXNlcnMvc2FyYWhob3dlcnRlci9Ecml2ZS9VVk0vR1JBL1JfRW5lcmd5TW9kZWxpbmcvbGl0cmV2aWV3L1BBUEVSUy1FVi1hZG9wdGlvbi8yMDE0LVBsb3R6X2V0YWwtZWFybHlhZG9wdGVyc19HZXJtYW55LnBkZgAAEwABLwAAFQACABT//wAAAAgADQAaACQAYwAAAAAAAAIBAAAAAAAAAAUAAAAAAAAAAAAAAAAAAAKX}}

@article{wolf2015changing,
	Author = {Wolf, Ingo and Schr{\"o}der, Tobias and Neumann, Jochen and de Haan, Gerhard},
	Date-Added = {2018-11-26 13:01:18 -0500},
	Date-Modified = {2018-11-26 13:02:11 -0500},
	Journal = {Technological forecasting and social change},
	Keywords = {EV adoption, agent-based model},
	Pages = {269--285},
	Publisher = {Elsevier},
	Title = {Changing minds about electric cars: An empirically grounded agent-based modeling approach},
	Volume = {94},
	Year = {2015},
	Bdsk-File-1 = {YnBsaXN0MDDSAQIDBFxyZWxhdGl2ZVBhdGhZYWxpYXNEYXRhXxA8UEFQRVJTLUVWLWFkb3B0aW9uLzIwMTUtV29sZl9ldGFsLWFnZW50LWJhc2VkLUVWLW9waW5pb24ucGRmTxECMAAAAAACMAACAAAMTWFjaW50b3NoIEhEAAAAAAAAAAAAAAAAAAAAAAAAAEJEAAH/////HzIwMTUtV29sZl9ldGFsLWFnZSNGRkZGRkZGRi5wZGYAAAAAAAAAAAAAAAAAAAAAAAAAAAAAAAAAAAAAAAAAAP////8AAAAAAAAAAAAAAAAAAQADAAAKIGN1AAAAAAAAAAAAAAAAABJQQVBFUlMtRVYtYWRvcHRpb24AAgB7LzpVc2VyczpzYXJhaGhvd2VydGVyOkRyaXZlOlVWTTpHUkE6Ul9FbmVyZ3lNb2RlbGluZzpsaXRyZXZpZXc6UEFQRVJTLUVWLWFkb3B0aW9uOjIwMTUtV29sZl9ldGFsLWFnZW50LWJhc2VkLUVWLW9waW5pb24ucGRmAAAOAFQAKQAyADAAMQA1AC0AVwBvAGwAZgBfAGUAdABhAGwALQBhAGcAZQBuAHQALQBiAGEAcwBlAGQALQBFAFYALQBvAHAAaQBuAGkAbwBuAC4AcABkAGYADwAaAAwATQBhAGMAaQBuAHQAbwBzAGgAIABIAEQAEgB5VXNlcnMvc2FyYWhob3dlcnRlci9Ecml2ZS9VVk0vR1JBL1JfRW5lcmd5TW9kZWxpbmcvbGl0cmV2aWV3L1BBUEVSUy1FVi1hZG9wdGlvbi8yMDE1LVdvbGZfZXRhbC1hZ2VudC1iYXNlZC1FVi1vcGluaW9uLnBkZgAAEwABLwAAFQACABT//wAAAAgADQAaACQAYwAAAAAAAAIBAAAAAAAAAAUAAAAAAAAAAAAAAAAAAAKX}}

@article{hidrue2011willingness,
	Author = {Hidrue, Michael K and Parsons, George R and Kempton, Willett and Gardner, Meryl P},
	Date-Added = {2018-11-26 11:07:40 -0500},
	Date-Modified = {2018-11-26 11:09:10 -0500},
	Journal = {Resource and Energy Economics},
	Keywords = {EV adoption},
	Number = {3},
	Pages = {686--705},
	Publisher = {Elsevier},
	Title = {Willingness to pay for electric vehicles and their attributes},
	Volume = {33},
	Year = {2011},
	Bdsk-File-1 = {YnBsaXN0MDDSAQIDBFxyZWxhdGl2ZVBhdGhZYWxpYXNEYXRhXxA6UEFQRVJTLUVWLWFkb3B0aW9uLzIwMTEtSGlsZHJ1ZV9ldGFsLVdUUC1FVi1hdHRyaWJ1dGVzLnBkZk8RAigAAAAAAigAAgAADE1hY2ludG9zaCBIRAAAAAAAAAAAAAAAAAAAAAAAAABCRAAB/////x8yMDExLUhpbGRydWVfZXRhbC0jRkZGRkZGRkYucGRmAAAAAAAAAAAAAAAAAAAAAAAAAAAAAAAAAAAAAAAAAAD/////AAAAAAAAAAAAAAAAAAEAAwAACiBjdQAAAAAAAAAAAAAAAAASUEFQRVJTLUVWLWFkb3B0aW9uAAIAeS86VXNlcnM6c2FyYWhob3dlcnRlcjpEcml2ZTpVVk06R1JBOlJfRW5lcmd5TW9kZWxpbmc6bGl0cmV2aWV3OlBBUEVSUy1FVi1hZG9wdGlvbjoyMDExLUhpbGRydWVfZXRhbC1XVFAtRVYtYXR0cmlidXRlcy5wZGYAAA4AUAAnADIAMAAxADEALQBIAGkAbABkAHIAdQBlAF8AZQB0AGEAbAAtAFcAVABQAC0ARQBWAC0AYQB0AHQAcgBpAGIAdQB0AGUAcwAuAHAAZABmAA8AGgAMAE0AYQBjAGkAbgB0AG8AcwBoACAASABEABIAd1VzZXJzL3NhcmFoaG93ZXJ0ZXIvRHJpdmUvVVZNL0dSQS9SX0VuZXJneU1vZGVsaW5nL2xpdHJldmlldy9QQVBFUlMtRVYtYWRvcHRpb24vMjAxMS1IaWxkcnVlX2V0YWwtV1RQLUVWLWF0dHJpYnV0ZXMucGRmAAATAAEvAAAVAAIAFP//AAAACAANABoAJABhAAAAAAAAAgEAAAAAAAAABQAAAAAAAAAAAAAAAAAAAo0=}}

@article{jensen2013stability,
	Author = {Jensen, Anders Fjendbo and Cherchi, Elisabetta and Mabit, Stefan Lindhard},
	Date-Added = {2018-11-25 16:42:09 -0500},
	Date-Modified = {2018-11-25 16:42:18 -0500},
	Journal = {Transportation Research Part D: Transport and Environment},
	Keywords = {EV adoption},
	Pages = {24--32},
	Publisher = {Elsevier},
	Title = {On the stability of preferences and attitudes before and after experiencing an electric vehicle},
	Volume = {25},
	Year = {2013}}

@misc{rogers2003diffusion,
	Author = {Rogers, Everett M},
	Date-Added = {2018-11-24 17:58:17 -0500},
	Date-Modified = {2018-11-24 17:58:32 -0500},
	Keywords = {EV adoption},
	Publisher = {New York: Free Press},
	Title = {The diffusion of innovation 5th edition},
	Year = {2003}}

@article{moons2012emotions,
	Author = {Moons, Ingrid and De Pelsmacker, Patrick},
	Date-Added = {2018-11-24 16:13:24 -0500},
	Date-Modified = {2018-11-24 16:13:35 -0500},
	Journal = {Journal of Marketing Management},
	Keywords = {EV adoption},
	Number = {3-4},
	Pages = {195--237},
	Publisher = {Taylor \& Francis},
	Title = {Emotions as determinants of electric car usage intention},
	Volume = {28},
	Year = {2012},
	Bdsk-File-1 = {YnBsaXN0MDDSAQIDBFxyZWxhdGl2ZVBhdGhZYWxpYXNEYXRhXxBPUEFQRVJTLUVWLWFkb3B0aW9uLzIwMTItTW9vbnNfRGVQZWxzbWFja2VyLWVtb3Rpb25zX2FzX2RldGVybWluYW50c19FVnVzYWdlLnBkZk8RAnoAAAAAAnoAAgAADE1hY2ludG9zaCBIRAAAAAAAAAAAAAAAAAAAAAAAAABCRAAB/////x8yMDEyLU1vb25zX0RlUGVsc20jRkZGRkZGRkYucGRmAAAAAAAAAAAAAAAAAAAAAAAAAAAAAAAAAAAAAAAAAAD/////AAAAAAAAAAAAAAAAAAEAAwAACiBjdQAAAAAAAAAAAAAAAAASUEFQRVJTLUVWLWFkb3B0aW9uAAIAji86VXNlcnM6c2FyYWhob3dlcnRlcjpEcml2ZTpVVk06R1JBOlJfRW5lcmd5TW9kZWxpbmc6bGl0cmV2aWV3OlBBUEVSUy1FVi1hZG9wdGlvbjoyMDEyLU1vb25zX0RlUGVsc21hY2tlci1lbW90aW9uc19hc19kZXRlcm1pbmFudHNfRVZ1c2FnZS5wZGYADgB6ADwAMgAwADEAMgAtAE0AbwBvAG4AcwBfAEQAZQBQAGUAbABzAG0AYQBjAGsAZQByAC0AZQBtAG8AdABpAG8AbgBzAF8AYQBzAF8AZABlAHQAZQByAG0AaQBuAGEAbgB0AHMAXwBFAFYAdQBzAGEAZwBlAC4AcABkAGYADwAaAAwATQBhAGMAaQBuAHQAbwBzAGgAIABIAEQAEgCMVXNlcnMvc2FyYWhob3dlcnRlci9Ecml2ZS9VVk0vR1JBL1JfRW5lcmd5TW9kZWxpbmcvbGl0cmV2aWV3L1BBUEVSUy1FVi1hZG9wdGlvbi8yMDEyLU1vb25zX0RlUGVsc21hY2tlci1lbW90aW9uc19hc19kZXRlcm1pbmFudHNfRVZ1c2FnZS5wZGYAEwABLwAAFQACABT//wAAAAgADQAaACQAdgAAAAAAAAIBAAAAAAAAAAUAAAAAAAAAAAAAAAAAAAL0}}

@inproceedings{hermans2012incentive,
	Author = {Hermans, Ralph and Almassalkhi, Mads and Hiskens, Ian},
	Booktitle = {American Control Conference (ACC), 2012},
	Date-Added = {2018-11-17 18:16:51 -0500},
	Date-Modified = {2018-11-17 18:17:05 -0500},
	Keywords = {charging behavior, optimization},
	Organization = {IEEE},
	Pages = {264--269},
	Title = {Incentive-based coordinated charging control of plug-in electric vehicles at the distribution-transformer level},
	Year = {2012}}

@article{he2012optimal,
	Author = {He, Yifeng and Venkatesh, Bala and Guan, Ling},
	Date-Added = {2018-11-14 13:55:45 -0500},
	Date-Modified = {2018-11-14 13:56:18 -0500},
	Journal = {IEEE transactions on smart grid},
	Keywords = {optimization, charging behavior, EV utility, energy model},
	Number = {3},
	Pages = {1095--1105},
	Publisher = {IEEE},
	Title = {Optimal scheduling for charging and discharging of electric vehicles},
	Volume = {3},
	Year = {2012},
	Bdsk-File-1 = {YnBsaXN0MDDSAQIDBFxyZWxhdGl2ZVBhdGhZYWxpYXNEYXRhXxBJUEFQRVJTLWNoYXJnaW5nLWJlaGF2aW9yLzIwMTItSGVfVmVua2F0ZXNoX0d1YW4tT3B0aW1hbC1FVi1zY2hlZHVsaW5nLnBkZk8RAlwAAAAAAlwAAgAADE1hY2ludG9zaCBIRAAAAAAAAAAAAAAAAAAAAAAAAABCRAAB/////x8yMDEyLUhlX1ZlbmthdGVzaF8jRkZGRkZGRkYucGRmAAAAAAAAAAAAAAAAAAAAAAAAAAAAAAAAAAAAAAAAAAD/////AAAAAAAAAAAAAAAAAAEAAwAACiBjdQAAAAAAAAAAAAAAAAAYUEFQRVJTLWNoYXJnaW5nLWJlaGF2aW9yAAIAiC86VXNlcnM6c2FyYWhob3dlcnRlcjpEcml2ZTpVVk06R1JBOlJfRW5lcmd5TW9kZWxpbmc6bGl0cmV2aWV3OlBBUEVSUy1jaGFyZ2luZy1iZWhhdmlvcjoyMDEyLUhlX1ZlbmthdGVzaF9HdWFuLU9wdGltYWwtRVYtc2NoZWR1bGluZy5wZGYADgBiADAAMgAwADEAMgAtAEgAZQBfAFYAZQBuAGsAYQB0AGUAcwBoAF8ARwB1AGEAbgAtAE8AcAB0AGkAbQBhAGwALQBFAFYALQBzAGMAaABlAGQAdQBsAGkAbgBnAC4AcABkAGYADwAaAAwATQBhAGMAaQBuAHQAbwBzAGgAIABIAEQAEgCGVXNlcnMvc2FyYWhob3dlcnRlci9Ecml2ZS9VVk0vR1JBL1JfRW5lcmd5TW9kZWxpbmcvbGl0cmV2aWV3L1BBUEVSUy1jaGFyZ2luZy1iZWhhdmlvci8yMDEyLUhlX1ZlbmthdGVzaF9HdWFuLU9wdGltYWwtRVYtc2NoZWR1bGluZy5wZGYAEwABLwAAFQACABT//wAAAAgADQAaACQAcAAAAAAAAAIBAAAAAAAAAAUAAAAAAAAAAAAAAAAAAALQ}}

@inproceedings{tal2014charging,
	Author = {Tal, Gil and Nicholas, Michael A and Davies, Jamie and Woodjack, Justin},
	Booktitle = {Transportation Research Board Annual Meeting, Washington, DC},
	Date-Added = {2018-11-13 19:01:23 -0500},
	Date-Modified = {2018-11-13 19:02:19 -0500},
	Keywords = {charging behavior},
	Organization = {Citeseer},
	Title = {Charging Behavior Impacts on Electric VMT: Evidence from a 2013 California Drivers Survey},
	Year = {2014},
	Bdsk-File-1 = {YnBsaXN0MDDSAQIDBFxyZWxhdGl2ZVBhdGhZYWxpYXNEYXRhXxA/UEFQRVJTLWNoYXJnaW5nLWJlaGF2aW9yLzIwMTQtVGFsX2V0YWwtY2hhcmdpbmdiZWhhdmlvci1WTVQucGRmTxECNAAAAAACNAACAAAMTWFjaW50b3NoIEhEAAAAAAAAAAAAAAAAAAAAAAAAAEJEAAH/////HzIwMTQtVGFsX2V0YWwtY2hhciNGRkZGRkZGRi5wZGYAAAAAAAAAAAAAAAAAAAAAAAAAAAAAAAAAAAAAAAAAAP////8AAAAAAAAAAAAAAAAAAQADAAAKIGN1AAAAAAAAAAAAAAAAABhQQVBFUlMtY2hhcmdpbmctYmVoYXZpb3IAAgB+LzpVc2VyczpzYXJhaGhvd2VydGVyOkRyaXZlOlVWTTpHUkE6Ul9FbmVyZ3lNb2RlbGluZzpsaXRyZXZpZXc6UEFQRVJTLWNoYXJnaW5nLWJlaGF2aW9yOjIwMTQtVGFsX2V0YWwtY2hhcmdpbmdiZWhhdmlvci1WTVQucGRmAA4ATgAmADIAMAAxADQALQBUAGEAbABfAGUAdABhAGwALQBjAGgAYQByAGcAaQBuAGcAYgBlAGgAYQB2AGkAbwByAC0AVgBNAFQALgBwAGQAZgAPABoADABNAGEAYwBpAG4AdABvAHMAaAAgAEgARAASAHxVc2Vycy9zYXJhaGhvd2VydGVyL0RyaXZlL1VWTS9HUkEvUl9FbmVyZ3lNb2RlbGluZy9saXRyZXZpZXcvUEFQRVJTLWNoYXJnaW5nLWJlaGF2aW9yLzIwMTQtVGFsX2V0YWwtY2hhcmdpbmdiZWhhdmlvci1WTVQucGRmABMAAS8AABUAAgAU//8AAAAIAA0AGgAkAGYAAAAAAAACAQAAAAAAAAAFAAAAAAAAAAAAAAAAAAACng==}}

@article{aultman2012travel,
	Author = {Aultman-Hall, Lisa and Sears, Justine and Dowds, Jonathan and Hines, Paul},
	Date-Added = {2018-11-05 13:49:23 -0500},
	Date-Modified = {2018-11-05 13:51:04 -0500},
	Journal = {Transportation Research Record: Journal of the Transportation Research Board},
	Keywords = {EVSE, charging behavior},
	Number = {2287},
	Pages = {27--36},
	Publisher = {Transportation Research Board of the National Academies},
	Title = {Travel Demand and Charging Capacity for Electric Vehicles in Rural States: Vermont Case Study},
	Year = {2012},
	Bdsk-File-1 = {YnBsaXN0MDDSAQIDBFxyZWxhdGl2ZVBhdGhZYWxpYXNEYXRhXxBUUEFQRVJTLWNoYXJnaW5nLWluZnJhc3RydWN0dXJlLzIwMTItQXVsdG1hbi1IYWxsX1NlYXJzX0Rvd2RzX0hpbmVzLVZULWNhc2Utc3R1ZHkucGRmTxEChAAAAAAChAACAAAMTWFjaW50b3NoIEhEAAAAAAAAAAAAAAAAAAAAAAAAAEJEAAH/////HzIwMTItQXVsdG1hbi1IYWxsXyNGRkZGRkZGRi5wZGYAAAAAAAAAAAAAAAAAAAAAAAAAAAAAAAAAAAAAAAAAAP////8AAAAAAAAAAAAAAAAAAQADAAAKIGN1AAAAAAAAAAAAAAAAAB5QQVBFUlMtY2hhcmdpbmctaW5mcmFzdHJ1Y3R1cmUAAgCTLzpVc2VyczpzYXJhaGhvd2VydGVyOkRyaXZlOlVWTTpHUkE6Ul9FbmVyZ3lNb2RlbGluZzpsaXRyZXZpZXc6UEFQRVJTLWNoYXJnaW5nLWluZnJhc3RydWN0dXJlOjIwMTItQXVsdG1hbi1IYWxsX1NlYXJzX0Rvd2RzX0hpbmVzLVZULWNhc2Utc3R1ZHkucGRmAAAOAGwANQAyADAAMQAyAC0AQQB1AGwAdABtAGEAbgAtAEgAYQBsAGwAXwBTAGUAYQByAHMAXwBEAG8AdwBkAHMAXwBIAGkAbgBlAHMALQBWAFQALQBjAGEAcwBlAC0AcwB0AHUAZAB5AC4AcABkAGYADwAaAAwATQBhAGMAaQBuAHQAbwBzAGgAIABIAEQAEgCRVXNlcnMvc2FyYWhob3dlcnRlci9Ecml2ZS9VVk0vR1JBL1JfRW5lcmd5TW9kZWxpbmcvbGl0cmV2aWV3L1BBUEVSUy1jaGFyZ2luZy1pbmZyYXN0cnVjdHVyZS8yMDEyLUF1bHRtYW4tSGFsbF9TZWFyc19Eb3dkc19IaW5lcy1WVC1jYXNlLXN0dWR5LnBkZgAAEwABLwAAFQACABT//wAAAAgADQAaACQAewAAAAAAAAIBAAAAAAAAAAUAAAAAAAAAAAAAAAAAAAMD}}

@article{dowds2010estimating,
	Author = {Dowds, Jonathan and Hines, Paul and Farmer, Chris and Watts, Richard},
	Date-Added = {2018-11-05 13:47:10 -0500},
	Date-Modified = {2018-11-05 13:49:10 -0500},
	Journal = {Transportation Research Record},
	Keywords = {energy model, PHEV},
	Number = {1},
	Pages = {43--49},
	Publisher = {SAGE Publications Sage CA: Los Angeles, CA},
	Title = {Estimating the impact of electric vehicle charging on electricity costs given electricity-sector carbon cap},
	Volume = {2191},
	Year = {2010},
	Bdsk-File-1 = {YnBsaXN0MDDSAQIDBFxyZWxhdGl2ZVBhdGhZYWxpYXNEYXRhXxBTUEFQRVJTLWVuZXJneS1tb2RlbHMvMjAxMC1Eb3dkc19IaW5lc19GYXJtZXJfV2F0dHMtaW1wYWN0X0VWY2hhcmdpbi1jYXBhbmR0cmFkZS5wZGZPEQKIAAAAAAKIAAIAAAxNYWNpbnRvc2ggSEQAAAAAAAAAAAAAAAAAAAAAAAAAQkQAAf////8fMjAxMC1Eb3dkc19IaW5lc19GI0ZGRkZGRkZGLnBkZgAAAAAAAAAAAAAAAAAAAAAAAAAAAAAAAAAAAAAAAAAA/////wAAAAAAAAAAAAAAAAABAAMAAAogY3UAAAAAAAAAAAAAAAAAFFBBUEVSUy1lbmVyZ3ktbW9kZWxzAAIAki86VXNlcnM6c2FyYWhob3dlcnRlcjpEcml2ZTpVVk06R1JBOlJfRW5lcmd5TW9kZWxpbmc6bGl0cmV2aWV3OlBBUEVSUy1lbmVyZ3ktbW9kZWxzOjIwMTAtRG93ZHNfSGluZXNfRmFybWVyX1dhdHRzLWltcGFjdF9FVmNoYXJnaW4tY2FwYW5kdHJhZGUucGRmAA4AfgA+ADIAMAAxADAALQBEAG8AdwBkAHMAXwBIAGkAbgBlAHMAXwBGAGEAcgBtAGUAcgBfAFcAYQB0AHQAcwAtAGkAbQBwAGEAYwB0AF8ARQBWAGMAaABhAHIAZwBpAG4ALQBjAGEAcABhAG4AZAB0AHIAYQBkAGUALgBwAGQAZgAPABoADABNAGEAYwBpAG4AdABvAHMAaAAgAEgARAASAJBVc2Vycy9zYXJhaGhvd2VydGVyL0RyaXZlL1VWTS9HUkEvUl9FbmVyZ3lNb2RlbGluZy9saXRyZXZpZXcvUEFQRVJTLWVuZXJneS1tb2RlbHMvMjAxMC1Eb3dkc19IaW5lc19GYXJtZXJfV2F0dHMtaW1wYWN0X0VWY2hhcmdpbi1jYXBhbmR0cmFkZS5wZGYAEwABLwAAFQACABT//wAAAAgADQAaACQAegAAAAAAAAIBAAAAAAAAAAUAAAAAAAAAAAAAAAAAAAMG}}

@article{offer2011techno,
	Author = {Offer, Gregory J and Contestabile, Marcello and Howey, DA and Clague, Ralph and Brandon, Nigel P},
	Date-Added = {2018-11-05 13:45:04 -0500},
	Date-Modified = {2018-11-05 13:46:03 -0500},
	Journal = {Energy Policy},
	Keywords = {energy model},
	Number = {4},
	Pages = {1939--1950},
	Publisher = {Elsevier},
	Title = {Techno-economic and behavioural analysis of battery electric, hydrogen fuel cell and hybrid vehicles in a future sustainable road transport system in the UK},
	Volume = {39},
	Year = {2011},
	Bdsk-File-1 = {YnBsaXN0MDDSAQIDBFxyZWxhdGl2ZVBhdGhZYWxpYXNEYXRhXxA8UEFQRVJTLWVuZXJneS1tb2RlbHMvMjAxMS1PZmZlcl9ldGFsLWVjb24tYmVoYXYtYW5hbHlzaXMucGRmTxECLgAAAAACLgACAAAMTWFjaW50b3NoIEhEAAAAAAAAAAAAAAAAAAAAAAAAAEJEAAH/////HzIwMTEtT2ZmZXJfZXRhbC1lYyNGRkZGRkZGRi5wZGYAAAAAAAAAAAAAAAAAAAAAAAAAAAAAAAAAAAAAAAAAAP////8AAAAAAAAAAAAAAAAAAQADAAAKIGN1AAAAAAAAAAAAAAAAABRQQVBFUlMtZW5lcmd5LW1vZGVscwACAHsvOlVzZXJzOnNhcmFoaG93ZXJ0ZXI6RHJpdmU6VVZNOkdSQTpSX0VuZXJneU1vZGVsaW5nOmxpdHJldmlldzpQQVBFUlMtZW5lcmd5LW1vZGVsczoyMDExLU9mZmVyX2V0YWwtZWNvbi1iZWhhdi1hbmFseXNpcy5wZGYAAA4AUAAnADIAMAAxADEALQBPAGYAZgBlAHIAXwBlAHQAYQBsAC0AZQBjAG8AbgAtAGIAZQBoAGEAdgAtAGEAbgBhAGwAeQBzAGkAcwAuAHAAZABmAA8AGgAMAE0AYQBjAGkAbgB0AG8AcwBoACAASABEABIAeVVzZXJzL3NhcmFoaG93ZXJ0ZXIvRHJpdmUvVVZNL0dSQS9SX0VuZXJneU1vZGVsaW5nL2xpdHJldmlldy9QQVBFUlMtZW5lcmd5LW1vZGVscy8yMDExLU9mZmVyX2V0YWwtZWNvbi1iZWhhdi1hbmFseXNpcy5wZGYAABMAAS8AABUAAgAU//8AAAAIAA0AGgAkAGMAAAAAAAACAQAAAAAAAAAFAAAAAAAAAAAAAAAAAAAClQ==}}

@article{meisel2018economic,
	Author = {Meisel, Stephan and Merfeld, Tanja},
	Date-Added = {2018-11-05 13:39:15 -0500},
	Date-Modified = {2018-11-05 13:42:59 -0500},
	Journal = {Transportation Research Part D: Transport and Environment},
	Keywords = {EV adoption, policy},
	Pages = {264--287},
	Publisher = {Elsevier},
	Title = {Economic incentives for the adoption of electric vehicles: A classification and review of e-vehicle services},
	Volume = {65},
	Year = {2018},
	Bdsk-File-1 = {YnBsaXN0MDDSAQIDBFxyZWxhdGl2ZVBhdGhZYWxpYXNEYXRhXxA6UEFQRVJTLUVWLWFkb3B0aW9uLzIwMTgtTWVpc2VsX01lcmZlbGQtRVYtaW5jZW50aXRpdmVzLnBkZk8RAigAAAAAAigAAgAADE1hY2ludG9zaCBIRAAAAAAAAAAAAAAAAAAAAAAAAABCRAAB/////x8yMDE4LU1laXNlbF9NZXJmZWwjRkZGRkZGRkYucGRmAAAAAAAAAAAAAAAAAAAAAAAAAAAAAAAAAAAAAAAAAAD/////AAAAAAAAAAAAAAAAAAEAAwAACiBjdQAAAAAAAAAAAAAAAAASUEFQRVJTLUVWLWFkb3B0aW9uAAIAeS86VXNlcnM6c2FyYWhob3dlcnRlcjpEcml2ZTpVVk06R1JBOlJfRW5lcmd5TW9kZWxpbmc6bGl0cmV2aWV3OlBBUEVSUy1FVi1hZG9wdGlvbjoyMDE4LU1laXNlbF9NZXJmZWxkLUVWLWluY2VudGl0aXZlcy5wZGYAAA4AUAAnADIAMAAxADgALQBNAGUAaQBzAGUAbABfAE0AZQByAGYAZQBsAGQALQBFAFYALQBpAG4AYwBlAG4AdABpAHQAaQB2AGUAcwAuAHAAZABmAA8AGgAMAE0AYQBjAGkAbgB0AG8AcwBoACAASABEABIAd1VzZXJzL3NhcmFoaG93ZXJ0ZXIvRHJpdmUvVVZNL0dSQS9SX0VuZXJneU1vZGVsaW5nL2xpdHJldmlldy9QQVBFUlMtRVYtYWRvcHRpb24vMjAxOC1NZWlzZWxfTWVyZmVsZC1FVi1pbmNlbnRpdGl2ZXMucGRmAAATAAEvAAAVAAIAFP//AAAACAANABoAJABhAAAAAAAAAgEAAAAAAAAABQAAAAAAAAAAAAAAAAAAAo0=}}

@article{sierzchula2014influence,
	Author = {Sierzchula, William and Bakker, Sjoerd and Maat, Kees and Van Wee, Bert},
	Date-Added = {2018-11-05 13:37:52 -0500},
	Date-Modified = {2018-11-05 13:38:48 -0500},
	Journal = {Energy Policy},
	Keywords = {EV adoption, policy},
	Pages = {183--194},
	Publisher = {Elsevier},
	Title = {The influence of financial incentives and other socio-economic factors on electric vehicle adoption},
	Volume = {68},
	Year = {2014},
	Bdsk-File-1 = {YnBsaXN0MDDSAQIDBFxyZWxhdGl2ZVBhdGhZYWxpYXNEYXRhXxBNUEFQRVJTLUVWLWFkb3B0aW9uLzIwMTQtU2llcnpjaHVsYV9ldGFsLWZpbmFuaWFsLWluY2VudGl0aXZlcy1FVi1hZG9wdGlvbi5wZGZPEQJyAAAAAAJyAAIAAAxNYWNpbnRvc2ggSEQAAAAAAAAAAAAAAAAAAAAAAAAAQkQAAf////8fMjAxNC1TaWVyemNodWxhX2V0I0ZGRkZGRkZGLnBkZgAAAAAAAAAAAAAAAAAAAAAAAAAAAAAAAAAAAAAAAAAA/////wAAAAAAAAAAAAAAAAABAAMAAAogY3UAAAAAAAAAAAAAAAAAElBBUEVSUy1FVi1hZG9wdGlvbgACAIwvOlVzZXJzOnNhcmFoaG93ZXJ0ZXI6RHJpdmU6VVZNOkdSQTpSX0VuZXJneU1vZGVsaW5nOmxpdHJldmlldzpQQVBFUlMtRVYtYWRvcHRpb246MjAxNC1TaWVyemNodWxhX2V0YWwtZmluYW5pYWwtaW5jZW50aXRpdmVzLUVWLWFkb3B0aW9uLnBkZgAOAHYAOgAyADAAMQA0AC0AUwBpAGUAcgB6AGMAaAB1AGwAYQBfAGUAdABhAGwALQBmAGkAbgBhAG4AaQBhAGwALQBpAG4AYwBlAG4AdABpAHQAaQB2AGUAcwAtAEUAVgAtAGEAZABvAHAAdABpAG8AbgAuAHAAZABmAA8AGgAMAE0AYQBjAGkAbgB0AG8AcwBoACAASABEABIAilVzZXJzL3NhcmFoaG93ZXJ0ZXIvRHJpdmUvVVZNL0dSQS9SX0VuZXJneU1vZGVsaW5nL2xpdHJldmlldy9QQVBFUlMtRVYtYWRvcHRpb24vMjAxNC1TaWVyemNodWxhX2V0YWwtZmluYW5pYWwtaW5jZW50aXRpdmVzLUVWLWFkb3B0aW9uLnBkZgATAAEvAAAVAAIAFP//AAAACAANABoAJAB0AAAAAAAAAgEAAAAAAAAABQAAAAAAAAAAAAAAAAAAAuo=}}

@article{adnan2017comprehensive,
	Author = {Adnan, Nadia and Nordin, Shahrina Md and Rahman, Imran and Vasant, Pandian M and Noor, Amir},
	Date-Added = {2018-11-05 13:36:44 -0500},
	Date-Modified = {2018-11-05 13:37:20 -0500},
	Journal = {International Journal of Energy Research},
	Keywords = {EV adoption},
	Number = {3},
	Pages = {317--335},
	Publisher = {Wiley Online Library},
	Title = {A comprehensive review on theoretical framework-based electric vehicle consumer adoption research},
	Volume = {41},
	Year = {2017},
	Bdsk-File-1 = {YnBsaXN0MDDSAQIDBFxyZWxhdGl2ZVBhdGhZYWxpYXNEYXRhXxA5UEFQRVJTLUVWLWFkb3B0aW9uLzIwMTctQWRuYW5fZXRhbC1FVi1hZG9wdGlvbi1yZXZpZXcucGRmTxECIgAAAAACIgACAAAMTWFjaW50b3NoIEhEAAAAAAAAAAAAAAAAAAAAAAAAAEJEAAH/////HzIwMTctQWRuYW5fZXRhbC1FViNGRkZGRkZGRi5wZGYAAAAAAAAAAAAAAAAAAAAAAAAAAAAAAAAAAAAAAAAAAP////8AAAAAAAAAAAAAAAAAAQADAAAKIGN1AAAAAAAAAAAAAAAAABJQQVBFUlMtRVYtYWRvcHRpb24AAgB4LzpVc2VyczpzYXJhaGhvd2VydGVyOkRyaXZlOlVWTTpHUkE6Ul9FbmVyZ3lNb2RlbGluZzpsaXRyZXZpZXc6UEFQRVJTLUVWLWFkb3B0aW9uOjIwMTctQWRuYW5fZXRhbC1FVi1hZG9wdGlvbi1yZXZpZXcucGRmAA4ATgAmADIAMAAxADcALQBBAGQAbgBhAG4AXwBlAHQAYQBsAC0ARQBWAC0AYQBkAG8AcAB0AGkAbwBuAC0AcgBlAHYAaQBlAHcALgBwAGQAZgAPABoADABNAGEAYwBpAG4AdABvAHMAaAAgAEgARAASAHZVc2Vycy9zYXJhaGhvd2VydGVyL0RyaXZlL1VWTS9HUkEvUl9FbmVyZ3lNb2RlbGluZy9saXRyZXZpZXcvUEFQRVJTLUVWLWFkb3B0aW9uLzIwMTctQWRuYW5fZXRhbC1FVi1hZG9wdGlvbi1yZXZpZXcucGRmABMAAS8AABUAAgAU//8AAAAIAA0AGgAkAGAAAAAAAAACAQAAAAAAAAAFAAAAAAAAAAAAAAAAAAAChg==}}

@article{helveston2015will,
	Author = {Helveston, John Paul and Liu, Yimin and Feit, Elea McDonnell and Fuchs, Erica and Klampfl, Erica and Michalek, Jeremy J},
	Date-Added = {2018-11-05 13:35:26 -0500},
	Date-Modified = {2018-11-05 13:36:27 -0500},
	Journal = {Transportation Research Part A: Policy and Practice},
	Keywords = {EV adoption},
	Pages = {96--112},
	Publisher = {Elsevier},
	Title = {Will subsidies drive electric vehicle adoption? Measuring consumer preferences in the US and China},
	Volume = {73},
	Year = {2015},
	Bdsk-File-1 = {YnBsaXN0MDDSAQIDBFxyZWxhdGl2ZVBhdGhZYWxpYXNEYXRhXxBAUEFQRVJTLUVWLWFkb3B0aW9uLzIwMTUtSGVsdmVzdG9uX2V0YWwtc3Vic2lkaWVzLUVWLWFkb3B0aW9uLnBkZk8RAkAAAAAAAkAAAgAADE1hY2ludG9zaCBIRAAAAAAAAAAAAAAAAAAAAAAAAABCRAAB/////x8yMDE1LUhlbHZlc3Rvbl9ldGEjRkZGRkZGRkYucGRmAAAAAAAAAAAAAAAAAAAAAAAAAAAAAAAAAAAAAAAAAAD/////AAAAAAAAAAAAAAAAAAEAAwAACiBjdQAAAAAAAAAAAAAAAAASUEFQRVJTLUVWLWFkb3B0aW9uAAIAfy86VXNlcnM6c2FyYWhob3dlcnRlcjpEcml2ZTpVVk06R1JBOlJfRW5lcmd5TW9kZWxpbmc6bGl0cmV2aWV3OlBBUEVSUy1FVi1hZG9wdGlvbjoyMDE1LUhlbHZlc3Rvbl9ldGFsLXN1YnNpZGllcy1FVi1hZG9wdGlvbi5wZGYAAA4AXAAtADIAMAAxADUALQBIAGUAbAB2AGUAcwB0AG8AbgBfAGUAdABhAGwALQBzAHUAYgBzAGkAZABpAGUAcwAtAEUAVgAtAGEAZABvAHAAdABpAG8AbgAuAHAAZABmAA8AGgAMAE0AYQBjAGkAbgB0AG8AcwBoACAASABEABIAfVVzZXJzL3NhcmFoaG93ZXJ0ZXIvRHJpdmUvVVZNL0dSQS9SX0VuZXJneU1vZGVsaW5nL2xpdHJldmlldy9QQVBFUlMtRVYtYWRvcHRpb24vMjAxNS1IZWx2ZXN0b25fZXRhbC1zdWJzaWRpZXMtRVYtYWRvcHRpb24ucGRmAAATAAEvAAAVAAIAFP//AAAACAANABoAJABnAAAAAAAAAgEAAAAAAAAABQAAAAAAAAAAAAAAAAAAAqs=}}

@article{rezvani2015advances,
	Author = {Rezvani, Zeinab and Jansson, Johan and Bodin, Jan},
	Date-Added = {2018-11-05 13:32:32 -0500},
	Date-Modified = {2018-11-05 13:34:34 -0500},
	Journal = {Transportation research part D: transport and environment},
	Keywords = {EV adoption},
	Pages = {122--136},
	Publisher = {Elsevier},
	Title = {Advances in consumer electric vehicle adoption research: A review and research agenda},
	Volume = {34},
	Year = {2015},
	Bdsk-File-1 = {YnBsaXN0MDDSAQIDBFxyZWxhdGl2ZVBhdGhZYWxpYXNEYXRhXxBGUEFQRVJTLUVWLWFkb3B0aW9uLzIwMTUtUmV6dmFuaV9KYW5zc29uX0JvZGluLWNvbnN1bWVyLUVWLW92ZXJ2aWV3LnBkZk8RAlgAAAAAAlgAAgAADE1hY2ludG9zaCBIRAAAAAAAAAAAAAAAAAAAAAAAAABCRAAB/////x8yMDE1LVJlenZhbmlfSmFuc3MjRkZGRkZGRkYucGRmAAAAAAAAAAAAAAAAAAAAAAAAAAAAAAAAAAAAAAAAAAD/////AAAAAAAAAAAAAAAAAAEAAwAACiBjdQAAAAAAAAAAAAAAAAASUEFQRVJTLUVWLWFkb3B0aW9uAAIAhS86VXNlcnM6c2FyYWhob3dlcnRlcjpEcml2ZTpVVk06R1JBOlJfRW5lcmd5TW9kZWxpbmc6bGl0cmV2aWV3OlBBUEVSUy1FVi1hZG9wdGlvbjoyMDE1LVJlenZhbmlfSmFuc3Nvbl9Cb2Rpbi1jb25zdW1lci1FVi1vdmVydmlldy5wZGYAAA4AaAAzADIAMAAxADUALQBSAGUAegB2AGEAbgBpAF8ASgBhAG4AcwBzAG8AbgBfAEIAbwBkAGkAbgAtAGMAbwBuAHMAdQBtAGUAcgAtAEUAVgAtAG8AdgBlAHIAdgBpAGUAdwAuAHAAZABmAA8AGgAMAE0AYQBjAGkAbgB0AG8AcwBoACAASABEABIAg1VzZXJzL3NhcmFoaG93ZXJ0ZXIvRHJpdmUvVVZNL0dSQS9SX0VuZXJneU1vZGVsaW5nL2xpdHJldmlldy9QQVBFUlMtRVYtYWRvcHRpb24vMjAxNS1SZXp2YW5pX0phbnNzb25fQm9kaW4tY29uc3VtZXItRVYtb3ZlcnZpZXcucGRmAAATAAEvAAAVAAIAFP//AAAACAANABoAJABtAAAAAAAAAgEAAAAAAAAABQAAAAAAAAAAAAAAAAAAAsk=}}

@article{sun2018ev,
	Author = {Sun, Yingyun and Chen, Zhengqi and Li, Zuyi and Tian, Wei and Shahidehpour, Mohammad},
	Date-Added = {2018-11-05 13:28:51 -0500},
	Date-Modified = {2018-11-05 13:31:14 -0500},
	Journal = {IEEE Transactions on Smart Grid},
	Keywords = {optimization, energy model},
	Publisher = {IEEE},
	Title = {EV Charging Schedule in Coupled Constrained Networks of Transportation and Power System},
	Year = {2018},
	Bdsk-File-1 = {YnBsaXN0MDDSAQIDBFxyZWxhdGl2ZVBhdGhZYWxpYXNEYXRhXxBDUEFQRVJTLWVuZXJneS1tb2RlbHMvMjAxOC1TdW5fTGktY2hhcmdpbmctc2NoZWR1bGUtb3B0aW1pemF0aW9uLnBkZk8RAkgAAAAAAkgAAgAADE1hY2ludG9zaCBIRAAAAAAAAAAAAAAAAAAAAAAAAABCRAAB/////x8yMDE4LVN1bl9MaS1jaGFyZ2kjRkZGRkZGRkYucGRmAAAAAAAAAAAAAAAAAAAAAAAAAAAAAAAAAAAAAAAAAAD/////AAAAAAAAAAAAAAAAAAEAAwAACiBjdQAAAAAAAAAAAAAAAAAUUEFQRVJTLWVuZXJneS1tb2RlbHMAAgCCLzpVc2VyczpzYXJhaGhvd2VydGVyOkRyaXZlOlVWTTpHUkE6Ul9FbmVyZ3lNb2RlbGluZzpsaXRyZXZpZXc6UEFQRVJTLWVuZXJneS1tb2RlbHM6MjAxOC1TdW5fTGktY2hhcmdpbmctc2NoZWR1bGUtb3B0aW1pemF0aW9uLnBkZgAOAF4ALgAyADAAMQA4AC0AUwB1AG4AXwBMAGkALQBjAGgAYQByAGcAaQBuAGcALQBzAGMAaABlAGQAdQBsAGUALQBvAHAAdABpAG0AaQB6AGEAdABpAG8AbgAuAHAAZABmAA8AGgAMAE0AYQBjAGkAbgB0AG8AcwBoACAASABEABIAgFVzZXJzL3NhcmFoaG93ZXJ0ZXIvRHJpdmUvVVZNL0dSQS9SX0VuZXJneU1vZGVsaW5nL2xpdHJldmlldy9QQVBFUlMtZW5lcmd5LW1vZGVscy8yMDE4LVN1bl9MaS1jaGFyZ2luZy1zY2hlZHVsZS1vcHRpbWl6YXRpb24ucGRmABMAAS8AABUAAgAU//8AAAAIAA0AGgAkAGoAAAAAAAACAQAAAAAAAAAFAAAAAAAAAAAAAAAAAAACtg==}}

@article{kimperiodicity,
	Author = {Kim, S and Yang, D and Rasouli, S},
	Date-Added = {2018-11-05 13:24:31 -0500},
	Date-Modified = {2018-11-05 13:25:45 -0500},
	Keywords = {charging behavior},
	Title = {Periodicity analysis of charging behavior of electric car drivers},
	Bdsk-File-1 = {YnBsaXN0MDDSAQIDBFxyZWxhdGl2ZVBhdGhZYWxpYXNEYXRhXxBIUEFQRVJTLWNoYXJnaW5nLWJlaGF2aW9yLzIwMTYtS2ltX1lhbmdfUmFzb3VsaS1jaGFyZ2luZy1iZWgtYW5hbHlzaXMucGRmTxECWgAAAAACWgACAAAMTWFjaW50b3NoIEhEAAAAAAAAAAAAAAAAAAAAAAAAAEJEAAH/////HzIwMTYtS2ltX1lhbmdfUmFzbyNGRkZGRkZGRi5wZGYAAAAAAAAAAAAAAAAAAAAAAAAAAAAAAAAAAAAAAAAAAP////8AAAAAAAAAAAAAAAAAAQADAAAKIGN1AAAAAAAAAAAAAAAAABhQQVBFUlMtY2hhcmdpbmctYmVoYXZpb3IAAgCHLzpVc2VyczpzYXJhaGhvd2VydGVyOkRyaXZlOlVWTTpHUkE6Ul9FbmVyZ3lNb2RlbGluZzpsaXRyZXZpZXc6UEFQRVJTLWNoYXJnaW5nLWJlaGF2aW9yOjIwMTYtS2ltX1lhbmdfUmFzb3VsaS1jaGFyZ2luZy1iZWgtYW5hbHlzaXMucGRmAAAOAGAALwAyADAAMQA2AC0ASwBpAG0AXwBZAGEAbgBnAF8AUgBhAHMAbwB1AGwAaQAtAGMAaABhAHIAZwBpAG4AZwAtAGIAZQBoAC0AYQBuAGEAbAB5AHMAaQBzAC4AcABkAGYADwAaAAwATQBhAGMAaQBuAHQAbwBzAGgAIABIAEQAEgCFVXNlcnMvc2FyYWhob3dlcnRlci9Ecml2ZS9VVk0vR1JBL1JfRW5lcmd5TW9kZWxpbmcvbGl0cmV2aWV3L1BBUEVSUy1jaGFyZ2luZy1iZWhhdmlvci8yMDE2LUtpbV9ZYW5nX1Jhc291bGktY2hhcmdpbmctYmVoLWFuYWx5c2lzLnBkZgAAEwABLwAAFQACABT//wAAAAgADQAaACQAbwAAAAAAAAIBAAAAAAAAAAUAAAAAAAAAAAAAAAAAAALN}}

@conference{chenintegrated,
	Author = {Chen, Siyu and de Lima, Isabel Hemerly Viegas and Needell, Zach and Araldo, Andrea and Akkinepally, Arun Prakash and Trancik, Jessica and Ben-Akiva, Moshe and Fournier, Nicholas and Deliali, Aikaterini and Christofa, Eleni and others},
	Date-Added = {2018-11-05 13:21:24 -0500},
	Date-Modified = {2018-11-27 17:44:56 -0500},
	Keywords = {energy model},
	Month = {October},
	Title = {Integrated simulation of activity-based demand and multi-modal dynamic supply for energy assessment},
	Year = {2018},
	Bdsk-File-1 = {YnBsaXN0MDDSAQIDBFxyZWxhdGl2ZVBhdGhZYWxpYXNEYXRhXxA9UEFQRVJTLWVuZXJneS1tb2RlbHMvMjAxOC1DaGVuX2V0YWwtYWN0aXZpdHktYmFzZWQtZGVtYW5kLnBkZk8RAjAAAAAAAjAAAgAADE1hY2ludG9zaCBIRAAAAAAAAAAAAAAAAAAAAAAAAABCRAAB/////x8yMDE4LUNoZW5fZXRhbC1hY3QjRkZGRkZGRkYucGRmAAAAAAAAAAAAAAAAAAAAAAAAAAAAAAAAAAAAAAAAAAD/////AAAAAAAAAAAAAAAAAAEAAwAACiBjdQAAAAAAAAAAAAAAAAAUUEFQRVJTLWVuZXJneS1tb2RlbHMAAgB8LzpVc2VyczpzYXJhaGhvd2VydGVyOkRyaXZlOlVWTTpHUkE6Ul9FbmVyZ3lNb2RlbGluZzpsaXRyZXZpZXc6UEFQRVJTLWVuZXJneS1tb2RlbHM6MjAxOC1DaGVuX2V0YWwtYWN0aXZpdHktYmFzZWQtZGVtYW5kLnBkZgAOAFIAKAAyADAAMQA4AC0AQwBoAGUAbgBfAGUAdABhAGwALQBhAGMAdABpAHYAaQB0AHkALQBiAGEAcwBlAGQALQBkAGUAbQBhAG4AZAAuAHAAZABmAA8AGgAMAE0AYQBjAGkAbgB0AG8AcwBoACAASABEABIAelVzZXJzL3NhcmFoaG93ZXJ0ZXIvRHJpdmUvVVZNL0dSQS9SX0VuZXJneU1vZGVsaW5nL2xpdHJldmlldy9QQVBFUlMtZW5lcmd5LW1vZGVscy8yMDE4LUNoZW5fZXRhbC1hY3Rpdml0eS1iYXNlZC1kZW1hbmQucGRmABMAAS8AABUAAgAU//8AAAAIAA0AGgAkAGQAAAAAAAACAQAAAAAAAAAFAAAAAAAAAAAAAAAAAAACmA==}}

@article{ahmadi2015multi,
	Author = {Ahmadi, Lena and Elkamel, Ali and Abdul-Wahab, Sabah A and Pan, Michael and Croiset, Eric and Douglas, Peter L and Entchev, Evgueniy},
	Date-Added = {2018-10-03 11:52:15 -0400},
	Date-Modified = {2018-10-03 11:54:05 -0400},
	Journal = {Energies},
	Keywords = {energy model, PHEV, optimization},
	Number = {5},
	Pages = {3978--4002},
	Publisher = {Multidisciplinary Digital Publishing Institute},
	Title = {Multi-period optimization model for electricity generation planning considering plug-in hybrid electric vehicle penetration},
	Volume = {8},
	Year = {2015},
	Bdsk-File-1 = {YnBsaXN0MDDSAQIDBFxyZWxhdGl2ZVBhdGhZYWxpYXNEYXRhXxBNUEFQRVJTLWVuZXJneS1tb2RlbHMvMjAxNS1BaG1hZGlfZXRhbC1vcHRpbWl6YXRpb24tRWdyaWQtUEhFVi1wZW5ldHJhdGlvbi5wZGZPEQJwAAAAAAJwAAIAAAxNYWNpbnRvc2ggSEQAAAAAAAAAAAAAAAAAAAAAAAAAQkQAAf////8fMjAxNS1BaG1hZGlfZXRhbC1vI0ZGRkZGRkZGLnBkZgAAAAAAAAAAAAAAAAAAAAAAAAAAAAAAAAAAAAAAAAAA/////wAAAAAAAAAAAAAAAAABAAMAAAogY3UAAAAAAAAAAAAAAAAAFFBBUEVSUy1lbmVyZ3ktbW9kZWxzAAIAjC86VXNlcnM6c2FyYWhob3dlcnRlcjpEcml2ZTpVVk06R1JBOlJfRW5lcmd5TW9kZWxpbmc6bGl0cmV2aWV3OlBBUEVSUy1lbmVyZ3ktbW9kZWxzOjIwMTUtQWhtYWRpX2V0YWwtb3B0aW1pemF0aW9uLUVncmlkLVBIRVYtcGVuZXRyYXRpb24ucGRmAA4AcgA4ADIAMAAxADUALQBBAGgAbQBhAGQAaQBfAGUAdABhAGwALQBvAHAAdABpAG0AaQB6AGEAdABpAG8AbgAtAEUAZwByAGkAZAAtAFAASABFAFYALQBwAGUAbgBlAHQAcgBhAHQAaQBvAG4ALgBwAGQAZgAPABoADABNAGEAYwBpAG4AdABvAHMAaAAgAEgARAASAIpVc2Vycy9zYXJhaGhvd2VydGVyL0RyaXZlL1VWTS9HUkEvUl9FbmVyZ3lNb2RlbGluZy9saXRyZXZpZXcvUEFQRVJTLWVuZXJneS1tb2RlbHMvMjAxNS1BaG1hZGlfZXRhbC1vcHRpbWl6YXRpb24tRWdyaWQtUEhFVi1wZW5ldHJhdGlvbi5wZGYAEwABLwAAFQACABT//wAAAAgADQAaACQAdAAAAAAAAAIBAAAAAAAAAAUAAAAAAAAAAAAAAAAAAALo}}

@article{brand2018lifestyle,
	Author = {Brand, Christian and Anable, Jillian and Morton, Craig},
	Date-Added = {2018-10-03 11:52:15 -0400},
	Date-Modified = {2018-10-03 11:55:42 -0400},
	Journal = {Energy Efficiency},
	Keywords = {energy model, socio-technical approach},
	Pages = {1--21},
	Publisher = {Springer},
	Title = {Lifestyle, efficiency and limits: modelling transport energy and emissions using a socio-technical approach},
	Year = {2018},
	Bdsk-File-1 = {YnBsaXN0MDDSAQIDBFxyZWxhdGl2ZVBhdGhZYWxpYXNEYXRhXxBYUEFQRVJTLWVuZXJneS1tb2RlbHMvMjAxOC1CcmFuZF9ldGFsLW1vZGVsaW5nLXRyYW5zLWVuZXJneS1lbWlzc2lvbnMtc29jaW8tdGVjaG5pY2FsLnBkZk8RAp4AAAAAAp4AAgAADE1hY2ludG9zaCBIRAAAAAAAAAAAAAAAAAAAAAAAAABCRAAB/////x8yMDE4LUJyYW5kX2V0YWwtbW8jRkZGRkZGRkYucGRmAAAAAAAAAAAAAAAAAAAAAAAAAAAAAAAAAAAAAAAAAAD/////AAAAAAAAAAAAAAAAAAEAAwAACiBjdQAAAAAAAAAAAAAAAAAUUEFQRVJTLWVuZXJneS1tb2RlbHMAAgCXLzpVc2VyczpzYXJhaGhvd2VydGVyOkRyaXZlOlVWTTpHUkE6Ul9FbmVyZ3lNb2RlbGluZzpsaXRyZXZpZXc6UEFQRVJTLWVuZXJneS1tb2RlbHM6MjAxOC1CcmFuZF9ldGFsLW1vZGVsaW5nLXRyYW5zLWVuZXJneS1lbWlzc2lvbnMtc29jaW8tdGVjaG5pY2FsLnBkZgAADgCIAEMAMgAwADEAOAAtAEIAcgBhAG4AZABfAGUAdABhAGwALQBtAG8AZABlAGwAaQBuAGcALQB0AHIAYQBuAHMALQBlAG4AZQByAGcAeQAtAGUAbQBpAHMAcwBpAG8AbgBzAC0AcwBvAGMAaQBvAC0AdABlAGMAaABuAGkAYwBhAGwALgBwAGQAZgAPABoADABNAGEAYwBpAG4AdABvAHMAaAAgAEgARAASAJVVc2Vycy9zYXJhaGhvd2VydGVyL0RyaXZlL1VWTS9HUkEvUl9FbmVyZ3lNb2RlbGluZy9saXRyZXZpZXcvUEFQRVJTLWVuZXJneS1tb2RlbHMvMjAxOC1CcmFuZF9ldGFsLW1vZGVsaW5nLXRyYW5zLWVuZXJneS1lbWlzc2lvbnMtc29jaW8tdGVjaG5pY2FsLnBkZgAAEwABLwAAFQACABT//wAAAAgADQAaACQAfwAAAAAAAAIBAAAAAAAAAAUAAAAAAAAAAAAAAAAAAAMh}}

@article{brown2018carbon,
	Author = {Brown, Marilyn A and Li, Yufei},
	Date-Added = {2018-10-03 11:52:15 -0400},
	Date-Modified = {2018-10-03 11:57:30 -0400},
	Journal = {Energy Efficiency},
	Keywords = {energy model, deep decarbonization, policy},
	Pages = {1--19},
	Publisher = {Springer},
	Title = {Carbon pricing and energy efficiency: pathways to deep decarbonization of the US electric sector},
	Year = {2018},
	Bdsk-File-1 = {YnBsaXN0MDDSAQIDBFxyZWxhdGl2ZVBhdGhZYWxpYXNEYXRhXxA3UEFQRVJTLXBvbGljeS8yMDE4LUJyb3duX0xpLVVTLWRlZXAtZGVjYXJib25pemF0aW9uLnBkZk8RAiAAAAAAAiAAAgAADE1hY2ludG9zaCBIRAAAAAAAAAAAAAAAAAAAAAAAAABCRAAB/////x8yMDE4LUJyb3duX0xpLVVTLWQjRkZGRkZGRkYucGRmAAAAAAAAAAAAAAAAAAAAAAAAAAAAAAAAAAAAAAAAAAD/////AAAAAAAAAAAAAAAAAAEAAwAACiBjdQAAAAAAAAAAAAAAAAANUEFQRVJTLXBvbGljeQAAAgB2LzpVc2VyczpzYXJhaGhvd2VydGVyOkRyaXZlOlVWTTpHUkE6Ul9FbmVyZ3lNb2RlbGluZzpsaXRyZXZpZXc6UEFQRVJTLXBvbGljeToyMDE4LUJyb3duX0xpLVVTLWRlZXAtZGVjYXJib25pemF0aW9uLnBkZgAOAFQAKQAyADAAMQA4AC0AQgByAG8AdwBuAF8ATABpAC0AVQBTAC0AZABlAGUAcAAtAGQAZQBjAGEAcgBiAG8AbgBpAHoAYQB0AGkAbwBuAC4AcABkAGYADwAaAAwATQBhAGMAaQBuAHQAbwBzAGgAIABIAEQAEgB0VXNlcnMvc2FyYWhob3dlcnRlci9Ecml2ZS9VVk0vR1JBL1JfRW5lcmd5TW9kZWxpbmcvbGl0cmV2aWV3L1BBUEVSUy1wb2xpY3kvMjAxOC1Ccm93bl9MaS1VUy1kZWVwLWRlY2FyYm9uaXphdGlvbi5wZGYAEwABLwAAFQACABT//wAAAAgADQAaACQAXgAAAAAAAAIBAAAAAAAAAAUAAAAAAAAAAAAAAAAAAAKC}}

@inproceedings{ding2018stochastic,
	Author = {Ding, Zhaohao and Lu, Ying and Zhang, Lizi and Lee, Wei-Jen and Chen, Dayu},
	Booktitle = {Industrial and Commercial Power Systems Technical Conference (I\&CPS), 2018 IEEE/IAS 54th},
	Date-Added = {2018-10-03 11:52:15 -0400},
	Date-Modified = {2018-10-03 12:01:09 -0400},
	Keywords = {energy model, optimization, EVSE},
	Organization = {IEEE},
	Pages = {1--9},
	Title = {A stochastic resource planning scheme for PHEV charging station considering energy portfolio optimization and price-responsive demand},
	Year = {2018},
	Bdsk-File-1 = {YnBsaXN0MDDSAQIDBFxyZWxhdGl2ZVBhdGhZYWxpYXNEYXRhXxBJUEFQRVJTLWVuZXJneS1tb2RlbHMvMjAxOC1EaW5nX2V0YWwtc3RvY2hhc3RpYy1QSEVWLUVWU0Utb3B0aW1pemF0aW9uLnBkZk8RAmAAAAAAAmAAAgAADE1hY2ludG9zaCBIRAAAAAAAAAAAAAAAAAAAAAAAAABCRAAB/////x8yMDE4LURpbmdfZXRhbC1zdG8jRkZGRkZGRkYucGRmAAAAAAAAAAAAAAAAAAAAAAAAAAAAAAAAAAAAAAAAAAD/////AAAAAAAAAAAAAAAAAAEAAwAACiBjdQAAAAAAAAAAAAAAAAAUUEFQRVJTLWVuZXJneS1tb2RlbHMAAgCILzpVc2VyczpzYXJhaGhvd2VydGVyOkRyaXZlOlVWTTpHUkE6Ul9FbmVyZ3lNb2RlbGluZzpsaXRyZXZpZXc6UEFQRVJTLWVuZXJneS1tb2RlbHM6MjAxOC1EaW5nX2V0YWwtc3RvY2hhc3RpYy1QSEVWLUVWU0Utb3B0aW1pemF0aW9uLnBkZgAOAGoANAAyADAAMQA4AC0ARABpAG4AZwBfAGUAdABhAGwALQBzAHQAbwBjAGgAYQBzAHQAaQBjAC0AUABIAEUAVgAtAEUAVgBTAEUALQBvAHAAdABpAG0AaQB6AGEAdABpAG8AbgAuAHAAZABmAA8AGgAMAE0AYQBjAGkAbgB0AG8AcwBoACAASABEABIAhlVzZXJzL3NhcmFoaG93ZXJ0ZXIvRHJpdmUvVVZNL0dSQS9SX0VuZXJneU1vZGVsaW5nL2xpdHJldmlldy9QQVBFUlMtZW5lcmd5LW1vZGVscy8yMDE4LURpbmdfZXRhbC1zdG9jaGFzdGljLVBIRVYtRVZTRS1vcHRpbWl6YXRpb24ucGRmABMAAS8AABUAAgAU//8AAAAIAA0AGgAkAHAAAAAAAAACAQAAAAAAAAAFAAAAAAAAAAAAAAAAAAAC1A==}}

@article{fingerman2018california,
	Author = {Fingerman, Kevin R and Sheppard, Colin and Harris, Andrew},
	Date-Added = {2018-10-03 11:52:15 -0400},
	Date-Modified = {2018-10-03 12:04:07 -0400},
	Journal = {Transportation Research Part D: Transport and Environment},
	Keywords = {policy},
	Pages = {320--332},
	Publisher = {Elsevier},
	Title = {California's Low Carbon Fuel Standard: Modeling financial least-cost pathways to compliance in Northwest California},
	Volume = {63},
	Year = {2018},
	Bdsk-File-1 = {YnBsaXN0MDDSAQIDBFxyZWxhdGl2ZVBhdGhZYWxpYXNEYXRhXxBBUEFQRVJTLXBvbGljeS8yMDE4LUZpbmdlcm1hbl9TaGVwcGFyZF9IYXJyaXMtQ0EtZnVlbC1zdGFuZGFyZC5wZGZPEQJIAAAAAAJIAAIAAAxNYWNpbnRvc2ggSEQAAAAAAAAAAAAAAAAAAAAAAAAAQkQAAf////8fMjAxOC1GaW5nZXJtYW5fU2hlI0ZGRkZGRkZGLnBkZgAAAAAAAAAAAAAAAAAAAAAAAAAAAAAAAAAAAAAAAAAA/////wAAAAAAAAAAAAAAAAABAAMAAAogY3UAAAAAAAAAAAAAAAAADVBBUEVSUy1wb2xpY3kAAAIAgC86VXNlcnM6c2FyYWhob3dlcnRlcjpEcml2ZTpVVk06R1JBOlJfRW5lcmd5TW9kZWxpbmc6bGl0cmV2aWV3OlBBUEVSUy1wb2xpY3k6MjAxOC1GaW5nZXJtYW5fU2hlcHBhcmRfSGFycmlzLUNBLWZ1ZWwtc3RhbmRhcmQucGRmAA4AaAAzADIAMAAxADgALQBGAGkAbgBnAGUAcgBtAGEAbgBfAFMAaABlAHAAcABhAHIAZABfAEgAYQByAHIAaQBzAC0AQwBBAC0AZgB1AGUAbAAtAHMAdABhAG4AZABhAHIAZAAuAHAAZABmAA8AGgAMAE0AYQBjAGkAbgB0AG8AcwBoACAASABEABIAflVzZXJzL3NhcmFoaG93ZXJ0ZXIvRHJpdmUvVVZNL0dSQS9SX0VuZXJneU1vZGVsaW5nL2xpdHJldmlldy9QQVBFUlMtcG9saWN5LzIwMTgtRmluZ2VybWFuX1NoZXBwYXJkX0hhcnJpcy1DQS1mdWVsLXN0YW5kYXJkLnBkZgATAAEvAAAVAAIAFP//AAAACAANABoAJABoAAAAAAAAAgEAAAAAAAAABQAAAAAAAAAAAAAAAAAAArQ=}}

@article{foley2013impacts,
	Author = {Foley, Aoife and Tyther, Barry and Calnan, Patrick and Gallach{\'o}ir, Brian {\'O}},
	Date-Added = {2018-10-03 11:52:15 -0400},
	Date-Modified = {2018-10-03 12:06:16 -0400},
	Journal = {Applied Energy},
	Keywords = {energy model},
	Pages = {93--102},
	Publisher = {Elsevier},
	Title = {Impacts of electric vehicle charging under electricity market operations},
	Volume = {101},
	Year = {2013},
	Bdsk-File-1 = {YnBsaXN0MDDSAQIDBFxyZWxhdGl2ZVBhdGhZYWxpYXNEYXRhXxBJUEFQRVJTLWVuZXJneS1tb2RlbHMvMjAxMy1Gb2xleV9ldGFsLUVWLWVsZWN0cmljaXR5LW1hcmtldC1vcGVyYXRpb25zLnBkZk8RAmAAAAAAAmAAAgAADE1hY2ludG9zaCBIRAAAAAAAAAAAAAAAAAAAAAAAAABCRAAB/////x8yMDEzLUZvbGV5X2V0YWwtRVYjRkZGRkZGRkYucGRmAAAAAAAAAAAAAAAAAAAAAAAAAAAAAAAAAAAAAAAAAAD/////AAAAAAAAAAAAAAAAAAEAAwAACiBjdQAAAAAAAAAAAAAAAAAUUEFQRVJTLWVuZXJneS1tb2RlbHMAAgCILzpVc2VyczpzYXJhaGhvd2VydGVyOkRyaXZlOlVWTTpHUkE6Ul9FbmVyZ3lNb2RlbGluZzpsaXRyZXZpZXc6UEFQRVJTLWVuZXJneS1tb2RlbHM6MjAxMy1Gb2xleV9ldGFsLUVWLWVsZWN0cmljaXR5LW1hcmtldC1vcGVyYXRpb25zLnBkZgAOAGoANAAyADAAMQAzAC0ARgBvAGwAZQB5AF8AZQB0AGEAbAAtAEUAVgAtAGUAbABlAGMAdAByAGkAYwBpAHQAeQAtAG0AYQByAGsAZQB0AC0AbwBwAGUAcgBhAHQAaQBvAG4AcwAuAHAAZABmAA8AGgAMAE0AYQBjAGkAbgB0AG8AcwBoACAASABEABIAhlVzZXJzL3NhcmFoaG93ZXJ0ZXIvRHJpdmUvVVZNL0dSQS9SX0VuZXJneU1vZGVsaW5nL2xpdHJldmlldy9QQVBFUlMtZW5lcmd5LW1vZGVscy8yMDEzLUZvbGV5X2V0YWwtRVYtZWxlY3RyaWNpdHktbWFya2V0LW9wZXJhdGlvbnMucGRmABMAAS8AABUAAgAU//8AAAAIAA0AGgAkAHAAAAAAAAACAQAAAAAAAAAFAAAAAAAAAAAAAAAAAAAC1A==}}

@article{iacobucci2018synergies,
	Author = {Iacobucci, Riccardo and McLellan, Benjamin and Tezuka, Tetsuo},
	Date-Added = {2018-10-03 11:52:15 -0400},
	Date-Modified = {2018-10-03 12:08:17 -0400},
	Journal = {Energies},
	Keywords = {energy model, optimization, autonomous vehicles},
	Number = {8},
	Pages = {2016},
	Publisher = {Multidisciplinary Digital Publishing Institute},
	Title = {The Synergies of Shared Autonomous Electric Vehicles with Renewable Energy in a Virtual Power Plant and Microgrid},
	Volume = {11},
	Year = {2018},
	Bdsk-File-1 = {YnBsaXN0MDDSAQIDBFxyZWxhdGl2ZVBhdGhZYWxpYXNEYXRhXxBUUEFQRVJTLWVuZXJneS1tb2RlbHMvMjAxNi1JYWNvYnVjY2lfTWNMZWxsYW5fVGV4dWthLUFFVi1yZW5ld2FibGUtZW5lcmd5LXN5bmVyZ3kucGRmTxECjgAAAAACjgACAAAMTWFjaW50b3NoIEhEAAAAAAAAAAAAAAAAAAAAAAAAAEJEAAH/////HzIwMTYtSWFjb2J1Y2NpX01jTCNGRkZGRkZGRi5wZGYAAAAAAAAAAAAAAAAAAAAAAAAAAAAAAAAAAAAAAAAAAP////8AAAAAAAAAAAAAAAAAAQADAAAKIGN1AAAAAAAAAAAAAAAAABRQQVBFUlMtZW5lcmd5LW1vZGVscwACAJMvOlVzZXJzOnNhcmFoaG93ZXJ0ZXI6RHJpdmU6VVZNOkdSQTpSX0VuZXJneU1vZGVsaW5nOmxpdHJldmlldzpQQVBFUlMtZW5lcmd5LW1vZGVsczoyMDE2LUlhY29idWNjaV9NY0xlbGxhbl9UZXh1a2EtQUVWLXJlbmV3YWJsZS1lbmVyZ3ktc3luZXJneS5wZGYAAA4AgAA/ADIAMAAxADYALQBJAGEAYwBvAGIAdQBjAGMAaQBfAE0AYwBMAGUAbABsAGEAbgBfAFQAZQB4AHUAawBhAC0AQQBFAFYALQByAGUAbgBlAHcAYQBiAGwAZQAtAGUAbgBlAHIAZwB5AC0AcwB5AG4AZQByAGcAeQAuAHAAZABmAA8AGgAMAE0AYQBjAGkAbgB0AG8AcwBoACAASABEABIAkVVzZXJzL3NhcmFoaG93ZXJ0ZXIvRHJpdmUvVVZNL0dSQS9SX0VuZXJneU1vZGVsaW5nL2xpdHJldmlldy9QQVBFUlMtZW5lcmd5LW1vZGVscy8yMDE2LUlhY29idWNjaV9NY0xlbGxhbl9UZXh1a2EtQUVWLXJlbmV3YWJsZS1lbmVyZ3ktc3luZXJneS5wZGYAABMAAS8AABUAAgAU//8AAAAIAA0AGgAkAHsAAAAAAAACAQAAAAAAAAAFAAAAAAAAAAAAAAAAAAADDQ==}}

@inproceedings{lazaroiu2018smart,
	Author = {Lazaroiu, Cristian and Lazaroiu, George Cristian and Pagano, Mario and Roscia, Mariacristina},
	Booktitle = {2018 International Symposium on Power Electronics, Electrical Drives, Automation and Motion (SPEEDAM)},
	Date-Added = {2018-10-03 11:52:15 -0400},
	Date-Modified = {2018-11-27 12:44:10 -0500},
	Keywords = {energy model, charging behavior, EVSE, smart grid, optimization},
	Organization = {IEEE},
	Pages = {437--442},
	Title = {Smart Agent to Optimize Recharge of Electric Vehicles (EVs) into Smart Cities},
	Year = {2018},
	Bdsk-File-1 = {YnBsaXN0MDDSAQIDBFxyZWxhdGl2ZVBhdGhZYWxpYXNEYXRhXxBeUEFQRVJTLWVuZXJneS1tb2RlbHMvMjAxOC1MYXphcm9pdV9QYWdhbm9fUm9zY2lhLXNtYXJ0LWFnZW50LW9wdGltemUtcmVjaGFyZ2Utc21hcnQtY2l0aWVzLnBkZk8RArYAAAAAArYAAgAADE1hY2ludG9zaCBIRAAAAAAAAAAAAAAAAAAAAAAAAABCRAAB/////x8yMDE4LUxhemFyb2l1X1BhZ2EjRkZGRkZGRkYucGRmAAAAAAAAAAAAAAAAAAAAAAAAAAAAAAAAAAAAAAAAAAD/////AAAAAAAAAAAAAAAAAAEAAwAACiBjdQAAAAAAAAAAAAAAAAAUUEFQRVJTLWVuZXJneS1tb2RlbHMAAgCdLzpVc2VyczpzYXJhaGhvd2VydGVyOkRyaXZlOlVWTTpHUkE6Ul9FbmVyZ3lNb2RlbGluZzpsaXRyZXZpZXc6UEFQRVJTLWVuZXJneS1tb2RlbHM6MjAxOC1MYXphcm9pdV9QYWdhbm9fUm9zY2lhLXNtYXJ0LWFnZW50LW9wdGltemUtcmVjaGFyZ2Utc21hcnQtY2l0aWVzLnBkZgAADgCUAEkAMgAwADEAOAAtAEwAYQB6AGEAcgBvAGkAdQBfAFAAYQBnAGEAbgBvAF8AUgBvAHMAYwBpAGEALQBzAG0AYQByAHQALQBhAGcAZQBuAHQALQBvAHAAdABpAG0AegBlAC0AcgBlAGMAaABhAHIAZwBlAC0AcwBtAGEAcgB0AC0AYwBpAHQAaQBlAHMALgBwAGQAZgAPABoADABNAGEAYwBpAG4AdABvAHMAaAAgAEgARAASAJtVc2Vycy9zYXJhaGhvd2VydGVyL0RyaXZlL1VWTS9HUkEvUl9FbmVyZ3lNb2RlbGluZy9saXRyZXZpZXcvUEFQRVJTLWVuZXJneS1tb2RlbHMvMjAxOC1MYXphcm9pdV9QYWdhbm9fUm9zY2lhLXNtYXJ0LWFnZW50LW9wdGltemUtcmVjaGFyZ2Utc21hcnQtY2l0aWVzLnBkZgAAEwABLwAAFQACABT//wAAAAgADQAaACQAhQAAAAAAAAIBAAAAAAAAAAUAAAAAAAAAAAAAAAAAAAM/}}

@article{li2017actors,
	Author = {Li, Francis GN},
	Date-Added = {2018-10-03 11:52:15 -0400},
	Date-Modified = {2018-10-03 12:13:20 -0400},
	Journal = {Energy Strategy Reviews},
	Keywords = {energy model, deep decarbonization, charging behavior, policy},
	Pages = {57--71},
	Publisher = {Elsevier},
	Title = {Actors behaving badly: Exploring the modelling of non-optimal behaviour in energy transitions},
	Volume = {15},
	Year = {2017},
	Bdsk-File-1 = {YnBsaXN0MDDSAQIDBFxyZWxhdGl2ZVBhdGhZYWxpYXNEYXRhXxA2UEFQRVJTLWVuZXJneS1tb2RlbHMvMjAxNy1MaS1hY3RvcnMtYmVoYXZpbmctYmFkbHkucGRmTxECFgAAAAACFgACAAAMTWFjaW50b3NoIEhEAAAAAAAAAAAAAAAAAAAAAAAAAEJEAAH/////HzIwMTctTGktYWN0b3JzLWJlaCNGRkZGRkZGRi5wZGYAAAAAAAAAAAAAAAAAAAAAAAAAAAAAAAAAAAAAAAAAAP////8AAAAAAAAAAAAAAAAAAQADAAAKIGN1AAAAAAAAAAAAAAAAABRQQVBFUlMtZW5lcmd5LW1vZGVscwACAHUvOlVzZXJzOnNhcmFoaG93ZXJ0ZXI6RHJpdmU6VVZNOkdSQTpSX0VuZXJneU1vZGVsaW5nOmxpdHJldmlldzpQQVBFUlMtZW5lcmd5LW1vZGVsczoyMDE3LUxpLWFjdG9ycy1iZWhhdmluZy1iYWRseS5wZGYAAA4ARAAhADIAMAAxADcALQBMAGkALQBhAGMAdABvAHIAcwAtAGIAZQBoAGEAdgBpAG4AZwAtAGIAYQBkAGwAeQAuAHAAZABmAA8AGgAMAE0AYQBjAGkAbgB0AG8AcwBoACAASABEABIAc1VzZXJzL3NhcmFoaG93ZXJ0ZXIvRHJpdmUvVVZNL0dSQS9SX0VuZXJneU1vZGVsaW5nL2xpdHJldmlldy9QQVBFUlMtZW5lcmd5LW1vZGVscy8yMDE3LUxpLWFjdG9ycy1iZWhhdmluZy1iYWRseS5wZGYAABMAAS8AABUAAgAU//8AAAAIAA0AGgAkAF0AAAAAAAACAQAAAAAAAAAFAAAAAAAAAAAAAAAAAAACdw==}}

@article{mccollum2018interaction,
	Author = {McCollum, David L and Wilson, Charlie and Bevione, Michela and Carrara, Samuel and Edelenbosch, Oreane Y and Emmerling, Johannes and Guivarch, C{\'e}line and Karkatsoulis, Panagiotis and Keppo, Ilkka and Krey, Volker and others},
	Date-Added = {2018-10-03 11:52:15 -0400},
	Date-Modified = {2018-10-03 12:17:20 -0400},
	Journal = {Nature Energy},
	Keywords = {energy model, EV adoption, policy,deep decarbonization},
	Number = {8},
	Pages = {664},
	Publisher = {Nature Publishing Group},
	Title = {Interaction of consumer preferences and climate policies in the global transition to low-carbon vehicles},
	Volume = {3},
	Year = {2018},
	Bdsk-File-1 = {YnBsaXN0MDDSAQIDBFxyZWxhdGl2ZVBhdGhZYWxpYXNEYXRhXxBRUEFQRVJTLWVuZXJneS1tb2RlbHMvMjAxOC1NY0NvbGx1bV9ldGFsLWdsb2JhbC10cmFuc2l0aW9uLWxvdy1jYXJib24tdmVoaWNsZXMucGRmTxECgAAAAAACgAACAAAMTWFjaW50b3NoIEhEAAAAAAAAAAAAAAAAAAAAAAAAAEJEAAH/////HzIwMTgtTWNDb2xsdW1fZXRhbCNGRkZGRkZGRi5wZGYAAAAAAAAAAAAAAAAAAAAAAAAAAAAAAAAAAAAAAAAAAP////8AAAAAAAAAAAAAAAAAAQADAAAKIGN1AAAAAAAAAAAAAAAAABRQQVBFUlMtZW5lcmd5LW1vZGVscwACAJAvOlVzZXJzOnNhcmFoaG93ZXJ0ZXI6RHJpdmU6VVZNOkdSQTpSX0VuZXJneU1vZGVsaW5nOmxpdHJldmlldzpQQVBFUlMtZW5lcmd5LW1vZGVsczoyMDE4LU1jQ29sbHVtX2V0YWwtZ2xvYmFsLXRyYW5zaXRpb24tbG93LWNhcmJvbi12ZWhpY2xlcy5wZGYADgB6ADwAMgAwADEAOAAtAE0AYwBDAG8AbABsAHUAbQBfAGUAdABhAGwALQBnAGwAbwBiAGEAbAAtAHQAcgBhAG4AcwBpAHQAaQBvAG4ALQBsAG8AdwAtAGMAYQByAGIAbwBuAC0AdgBlAGgAaQBjAGwAZQBzAC4AcABkAGYADwAaAAwATQBhAGMAaQBuAHQAbwBzAGgAIABIAEQAEgCOVXNlcnMvc2FyYWhob3dlcnRlci9Ecml2ZS9VVk0vR1JBL1JfRW5lcmd5TW9kZWxpbmcvbGl0cmV2aWV3L1BBUEVSUy1lbmVyZ3ktbW9kZWxzLzIwMTgtTWNDb2xsdW1fZXRhbC1nbG9iYWwtdHJhbnNpdGlvbi1sb3ctY2FyYm9uLXZlaGljbGVzLnBkZgATAAEvAAAVAAIAFP//AAAACAANABoAJAB4AAAAAAAAAgEAAAAAAAAABQAAAAAAAAAAAAAAAAAAAvw=}}

@article{melton2017evaluating,
	Author = {Melton, Noel and Axsen, Jonn and Goldberg, Suzanne},
	Date-Added = {2018-10-03 11:52:15 -0400},
	Date-Modified = {2018-10-03 12:22:58 -0400},
	Journal = {Energy Policy},
	Keywords = {policy, deep decarbonization},
	Pages = {381--393},
	Publisher = {Elsevier},
	Title = {Evaluating plug-in electric vehicle policies in the context of long-term greenhouse gas reduction goals: Comparing 10 Canadian provinces using the ``PEV policy report card''},
	Volume = {107},
	Year = {2017},
	Bdsk-File-1 = {YnBsaXN0MDDSAQIDBFxyZWxhdGl2ZVBhdGhZYWxpYXNEYXRhXxBHUEFQRVJTLXBvbGljeS8yMDE3LU1lbHRvbl9BeHNlbl9Hb2xkYmVyZy1wb2xpY3ktZ2hnLXJlZHVjdGlvbi1nb2Fscy5wZGZPEQJgAAAAAAJgAAIAAAxNYWNpbnRvc2ggSEQAAAAAAAAAAAAAAAAAAAAAAAAAQkQAAf////8fMjAxNy1NZWx0b25fQXhzZW5fI0ZGRkZGRkZGLnBkZgAAAAAAAAAAAAAAAAAAAAAAAAAAAAAAAAAAAAAAAAAA/////wAAAAAAAAAAAAAAAAABAAMAAAogY3UAAAAAAAAAAAAAAAAADVBBUEVSUy1wb2xpY3kAAAIAhi86VXNlcnM6c2FyYWhob3dlcnRlcjpEcml2ZTpVVk06R1JBOlJfRW5lcmd5TW9kZWxpbmc6bGl0cmV2aWV3OlBBUEVSUy1wb2xpY3k6MjAxNy1NZWx0b25fQXhzZW5fR29sZGJlcmctcG9saWN5LWdoZy1yZWR1Y3Rpb24tZ29hbHMucGRmAA4AdAA5ADIAMAAxADcALQBNAGUAbAB0AG8AbgBfAEEAeABzAGUAbgBfAEcAbwBsAGQAYgBlAHIAZwAtAHAAbwBsAGkAYwB5AC0AZwBoAGcALQByAGUAZAB1AGMAdABpAG8AbgAtAGcAbwBhAGwAcwAuAHAAZABmAA8AGgAMAE0AYQBjAGkAbgB0AG8AcwBoACAASABEABIAhFVzZXJzL3NhcmFoaG93ZXJ0ZXIvRHJpdmUvVVZNL0dSQS9SX0VuZXJneU1vZGVsaW5nL2xpdHJldmlldy9QQVBFUlMtcG9saWN5LzIwMTctTWVsdG9uX0F4c2VuX0dvbGRiZXJnLXBvbGljeS1naGctcmVkdWN0aW9uLWdvYWxzLnBkZgATAAEvAAAVAAIAFP//AAAACAANABoAJABuAAAAAAAAAgEAAAAAAAAABQAAAAAAAAAAAAAAAAAAAtI=}}

@article{mercure2016modelling,
	Author = {Mercure, Jean-Francois and Pollitt, Hector and Bassi, Andrea M and Vi{\~n}uales, Jorge E and Edwards, Neil R},
	Date-Added = {2018-10-03 11:52:15 -0400},
	Date-Modified = {2018-10-03 12:28:45 -0400},
	Journal = {Global environmental change},
	Keywords = {energy model, policy},
	Pages = {102--115},
	Publisher = {Elsevier},
	Title = {Modelling complex systems of heterogeneous agents to better design sustainability transitions policy},
	Volume = {37},
	Year = {2016},
	Bdsk-File-1 = {YnBsaXN0MDDSAQIDBFxyZWxhdGl2ZVBhdGhZYWxpYXNEYXRhXxBOUEFQRVJTLXBvbGljeS8yMDE2LU1lcmN1cmVfZXRhbC1jb21wbGV4LXN5cy1tb2RlbGluZy1tZXRob2RzLXBvbGljeS1kZXNpZ24ucGRmTxECfgAAAAACfgACAAAMTWFjaW50b3NoIEhEAAAAAAAAAAAAAAAAAAAAAAAAAEJEAAH/////HzIwMTYtTWVyY3VyZV9ldGFsLSNGRkZGRkZGRi5wZGYAAAAAAAAAAAAAAAAAAAAAAAAAAAAAAAAAAAAAAAAAAP////8AAAAAAAAAAAAAAAAAAQADAAAKIGN1AAAAAAAAAAAAAAAAAA1QQVBFUlMtcG9saWN5AAACAI0vOlVzZXJzOnNhcmFoaG93ZXJ0ZXI6RHJpdmU6VVZNOkdSQTpSX0VuZXJneU1vZGVsaW5nOmxpdHJldmlldzpQQVBFUlMtcG9saWN5OjIwMTYtTWVyY3VyZV9ldGFsLWNvbXBsZXgtc3lzLW1vZGVsaW5nLW1ldGhvZHMtcG9saWN5LWRlc2lnbi5wZGYAAA4AggBAADIAMAAxADYALQBNAGUAcgBjAHUAcgBlAF8AZQB0AGEAbAAtAGMAbwBtAHAAbABlAHgALQBzAHkAcwAtAG0AbwBkAGUAbABpAG4AZwAtAG0AZQB0AGgAbwBkAHMALQBwAG8AbABpAGMAeQAtAGQAZQBzAGkAZwBuAC4AcABkAGYADwAaAAwATQBhAGMAaQBuAHQAbwBzAGgAIABIAEQAEgCLVXNlcnMvc2FyYWhob3dlcnRlci9Ecml2ZS9VVk0vR1JBL1JfRW5lcmd5TW9kZWxpbmcvbGl0cmV2aWV3L1BBUEVSUy1wb2xpY3kvMjAxNi1NZXJjdXJlX2V0YWwtY29tcGxleC1zeXMtbW9kZWxpbmctbWV0aG9kcy1wb2xpY3ktZGVzaWduLnBkZgAAEwABLwAAFQACABT//wAAAAgADQAaACQAdQAAAAAAAAIBAAAAAAAAAAUAAAAAAAAAAAAAAAAAAAL3}}

@article{noel2017cost,
	Author = {Noel, Lance and Brodie, Joseph F and Kempton, Willett and Archer, Cristina L and Budischak, Cory},
	Date-Added = {2018-10-03 11:52:15 -0400},
	Date-Modified = {2018-10-03 12:30:34 -0400},
	Journal = {Applied energy},
	Keywords = {energy model},
	Pages = {110--121},
	Publisher = {Elsevier},
	Title = {Cost minimization of generation, storage, and new loads, comparing costs with and without externalities},
	Volume = {189},
	Year = {2017},
	Bdsk-File-1 = {YnBsaXN0MDDSAQIDBFxyZWxhdGl2ZVBhdGhZYWxpYXNEYXRhXxA5UEFQRVJTLWVuZXJneS1tb2RlbHMvMjAxNy1Ob2VsX2V0YWwtY29zdC1taW5pbWl6YXRpb24ucGRmTxECIAAAAAACIAACAAAMTWFjaW50b3NoIEhEAAAAAAAAAAAAAAAAAAAAAAAAAEJEAAH/////HzIwMTctTm9lbF9ldGFsLWNvcyNGRkZGRkZGRi5wZGYAAAAAAAAAAAAAAAAAAAAAAAAAAAAAAAAAAAAAAAAAAP////8AAAAAAAAAAAAAAAAAAQADAAAKIGN1AAAAAAAAAAAAAAAAABRQQVBFUlMtZW5lcmd5LW1vZGVscwACAHgvOlVzZXJzOnNhcmFoaG93ZXJ0ZXI6RHJpdmU6VVZNOkdSQTpSX0VuZXJneU1vZGVsaW5nOmxpdHJldmlldzpQQVBFUlMtZW5lcmd5LW1vZGVsczoyMDE3LU5vZWxfZXRhbC1jb3N0LW1pbmltaXphdGlvbi5wZGYADgBKACQAMgAwADEANwAtAE4AbwBlAGwAXwBlAHQAYQBsAC0AYwBvAHMAdAAtAG0AaQBuAGkAbQBpAHoAYQB0AGkAbwBuAC4AcABkAGYADwAaAAwATQBhAGMAaQBuAHQAbwBzAGgAIABIAEQAEgB2VXNlcnMvc2FyYWhob3dlcnRlci9Ecml2ZS9VVk0vR1JBL1JfRW5lcmd5TW9kZWxpbmcvbGl0cmV2aWV3L1BBUEVSUy1lbmVyZ3ktbW9kZWxzLzIwMTctTm9lbF9ldGFsLWNvc3QtbWluaW1pemF0aW9uLnBkZgATAAEvAAAVAAIAFP//AAAACAANABoAJABgAAAAAAAAAgEAAAAAAAAABQAAAAAAAAAAAAAAAAAAAoQ=}}

@article{pettifor2017social,
	Author = {Pettifor, H and Wilson, C and Axsen, J and Abrahamse, W and Anable, J},
	Date-Added = {2018-10-03 11:52:15 -0400},
	Date-Modified = {2018-10-03 12:32:09 -0400},
	Journal = {Journal of Transport Geography},
	Keywords = {EV adoption},
	Pages = {247--261},
	Publisher = {Elsevier},
	Title = {Social influence in the global diffusion of alternative fuel vehicles--A meta-analysis},
	Volume = {62},
	Year = {2017},
	Bdsk-File-1 = {YnBsaXN0MDDSAQIDBFxyZWxhdGl2ZVBhdGhZYWxpYXNEYXRhXxBIUEFQRVJTLUVWLWFkb3B0aW9uLzIwMTctUGV0dGlmb3JfZXRhbC1zb2NpYWwtaW5mbHVlbmNlLW1ldGEtYW5hbHlzaXMucGRmTxECYAAAAAACYAACAAAMTWFjaW50b3NoIEhEAAAAAAAAAAAAAAAAAAAAAAAAAEJEAAH/////HzIwMTctUGV0dGlmb3JfZXRhbCNGRkZGRkZGRi5wZGYAAAAAAAAAAAAAAAAAAAAAAAAAAAAAAAAAAAAAAAAAAP////8AAAAAAAAAAAAAAAAAAQADAAAKIGN1AAAAAAAAAAAAAAAAABJQQVBFUlMtRVYtYWRvcHRpb24AAgCHLzpVc2VyczpzYXJhaGhvd2VydGVyOkRyaXZlOlVWTTpHUkE6Ul9FbmVyZ3lNb2RlbGluZzpsaXRyZXZpZXc6UEFQRVJTLUVWLWFkb3B0aW9uOjIwMTctUGV0dGlmb3JfZXRhbC1zb2NpYWwtaW5mbHVlbmNlLW1ldGEtYW5hbHlzaXMucGRmAAAOAGwANQAyADAAMQA3AC0AUABlAHQAdABpAGYAbwByAF8AZQB0AGEAbAAtAHMAbwBjAGkAYQBsAC0AaQBuAGYAbAB1AGUAbgBjAGUALQBtAGUAdABhAC0AYQBuAGEAbAB5AHMAaQBzAC4AcABkAGYADwAaAAwATQBhAGMAaQBuAHQAbwBzAGgAIABIAEQAEgCFVXNlcnMvc2FyYWhob3dlcnRlci9Ecml2ZS9VVk0vR1JBL1JfRW5lcmd5TW9kZWxpbmcvbGl0cmV2aWV3L1BBUEVSUy1FVi1hZG9wdGlvbi8yMDE3LVBldHRpZm9yX2V0YWwtc29jaWFsLWluZmx1ZW5jZS1tZXRhLWFuYWx5c2lzLnBkZgAAEwABLwAAFQACABT//wAAAAgADQAaACQAbwAAAAAAAAIBAAAAAAAAAAUAAAAAAAAAAAAAAAAAAALT}}

@article{pettifor2017modelling,
	Author = {Pettifor, Hazel and Wilson, Charlie and McCollum, David and Edelenbosch, OY},
	Date-Added = {2018-10-03 11:52:15 -0400},
	Date-Modified = {2018-10-03 12:35:00 -0400},
	Journal = {Global Environmental Change},
	Keywords = {EV adoption, energy model},
	Pages = {76--87},
	Publisher = {Elsevier},
	Title = {Modelling social influence and cultural variation in global low-carbon vehicle transitions},
	Volume = {47},
	Year = {2017},
	Bdsk-File-1 = {YnBsaXN0MDDSAQIDBFxyZWxhdGl2ZVBhdGhZYWxpYXNEYXRhXxBaUEFQRVJTLUVWLWFkb3B0aW9uLzIwMTctUGVycmlmb3JfZXRhbC1tb2RlbGluZy1zb2NpYWwtaW5mbHVlbmNlLWdsb2JhbC12ZWgtdHJhbnNpdGlvbnMucGRmTxECqAAAAAACqAACAAAMTWFjaW50b3NoIEhEAAAAAAAAAAAAAAAAAAAAAAAAAEJEAAH/////HzIwMTctUGVycmlmb3JfZXRhbCNGRkZGRkZGRi5wZGYAAAAAAAAAAAAAAAAAAAAAAAAAAAAAAAAAAAAAAAAAAP////8AAAAAAAAAAAAAAAAAAQADAAAKIGN1AAAAAAAAAAAAAAAAABJQQVBFUlMtRVYtYWRvcHRpb24AAgCZLzpVc2VyczpzYXJhaGhvd2VydGVyOkRyaXZlOlVWTTpHUkE6Ul9FbmVyZ3lNb2RlbGluZzpsaXRyZXZpZXc6UEFQRVJTLUVWLWFkb3B0aW9uOjIwMTctUGVycmlmb3JfZXRhbC1tb2RlbGluZy1zb2NpYWwtaW5mbHVlbmNlLWdsb2JhbC12ZWgtdHJhbnNpdGlvbnMucGRmAAAOAJAARwAyADAAMQA3AC0AUABlAHIAcgBpAGYAbwByAF8AZQB0AGEAbAAtAG0AbwBkAGUAbABpAG4AZwAtAHMAbwBjAGkAYQBsAC0AaQBuAGYAbAB1AGUAbgBjAGUALQBnAGwAbwBiAGEAbAAtAHYAZQBoAC0AdAByAGEAbgBzAGkAdABpAG8AbgBzAC4AcABkAGYADwAaAAwATQBhAGMAaQBuAHQAbwBzAGgAIABIAEQAEgCXVXNlcnMvc2FyYWhob3dlcnRlci9Ecml2ZS9VVk0vR1JBL1JfRW5lcmd5TW9kZWxpbmcvbGl0cmV2aWV3L1BBUEVSUy1FVi1hZG9wdGlvbi8yMDE3LVBlcnJpZm9yX2V0YWwtbW9kZWxpbmctc29jaWFsLWluZmx1ZW5jZS1nbG9iYWwtdmVoLXRyYW5zaXRpb25zLnBkZgAAEwABLwAAFQACABT//wAAAAgADQAaACQAgQAAAAAAAAIBAAAAAAAAAAUAAAAAAAAAAAAAAAAAAAMt}}

@article{pietzcker2014long,
	Author = {Pietzcker, Robert C and Longden, Thomas and Chen, Wenying and Fu, Sha and Kriegler, Elmar and Kyle, Page and Luderer, Gunnar},
	Date-Added = {2018-10-03 11:52:15 -0400},
	Date-Modified = {2018-10-03 12:36:47 -0400},
	Journal = {Energy},
	Keywords = {policy, energy model, deep decarbonization},
	Pages = {95--108},
	Publisher = {Elsevier},
	Title = {Long-term transport energy demand and climate policy: alternative visions on transport decarbonization in energy-economy models},
	Volume = {64},
	Year = {2014},
	Bdsk-File-1 = {YnBsaXN0MDDSAQIDBFxyZWxhdGl2ZVBhdGhZYWxpYXNEYXRhXxBMUEFQRVJTLXBvbGljeS8yMDE0LVBpZXR6Y2tlcl9ldGFsLXRyYW5zcG9ydC1lbmVyZ3ktZGVtYW5kLWNsaW1hdGUtcG9saWN5LnBkZk8RAnYAAAAAAnYAAgAADE1hY2ludG9zaCBIRAAAAAAAAAAAAAAAAAAAAAAAAABCRAAB/////x8yMDE0LVBpZXR6Y2tlcl9ldGEjRkZGRkZGRkYucGRmAAAAAAAAAAAAAAAAAAAAAAAAAAAAAAAAAAAAAAAAAAD/////AAAAAAAAAAAAAAAAAAEAAwAACiBjdQAAAAAAAAAAAAAAAAANUEFQRVJTLXBvbGljeQAAAgCLLzpVc2VyczpzYXJhaGhvd2VydGVyOkRyaXZlOlVWTTpHUkE6Ul9FbmVyZ3lNb2RlbGluZzpsaXRyZXZpZXc6UEFQRVJTLXBvbGljeToyMDE0LVBpZXR6Y2tlcl9ldGFsLXRyYW5zcG9ydC1lbmVyZ3ktZGVtYW5kLWNsaW1hdGUtcG9saWN5LnBkZgAADgB+AD4AMgAwADEANAAtAFAAaQBlAHQAegBjAGsAZQByAF8AZQB0AGEAbAAtAHQAcgBhAG4AcwBwAG8AcgB0AC0AZQBuAGUAcgBnAHkALQBkAGUAbQBhAG4AZAAtAGMAbABpAG0AYQB0AGUALQBwAG8AbABpAGMAeQAuAHAAZABmAA8AGgAMAE0AYQBjAGkAbgB0AG8AcwBoACAASABEABIAiVVzZXJzL3NhcmFoaG93ZXJ0ZXIvRHJpdmUvVVZNL0dSQS9SX0VuZXJneU1vZGVsaW5nL2xpdHJldmlldy9QQVBFUlMtcG9saWN5LzIwMTQtUGlldHpja2VyX2V0YWwtdHJhbnNwb3J0LWVuZXJneS1kZW1hbmQtY2xpbWF0ZS1wb2xpY3kucGRmAAATAAEvAAAVAAIAFP//AAAACAANABoAJABzAAAAAAAAAgEAAAAAAAAABQAAAAAAAAAAAAAAAAAAAu0=}}

@article{sun2017stochastic,
	Author = {Sun, Yingyun and Zhong, Jianliang and Li, Zuyi and Tian, Wei and Shahidehpour, Mohammad},
	Date-Added = {2018-10-03 11:52:15 -0400},
	Date-Modified = {2018-10-03 12:39:53 -0400},
	Journal = {IEEE Transactions on Sustainable Energy},
	Keywords = {energy model, wind penetration, optimization},
	Number = {1},
	Pages = {135--144},
	Publisher = {IEEE},
	Title = {Stochastic scheduling of battery-based energy storage transportation system with the penetration of wind power},
	Volume = {8},
	Year = {2017},
	Bdsk-File-1 = {YnBsaXN0MDDSAQIDBFxyZWxhdGl2ZVBhdGhZYWxpYXNEYXRhXxBNUEFQRVJTLWVuZXJneS1tb2RlbHMvMjAxNy1TdW5fZXRhbC1zdG9jaGFzdGljLXNjaGVkdWxpbmctd2luZC1wZW5ldHJhdGlvbi5wZGZPEQJwAAAAAAJwAAIAAAxNYWNpbnRvc2ggSEQAAAAAAAAAAAAAAAAAAAAAAAAAQkQAAf////8fMjAxNy1TdW5fZXRhbC1zdG9jI0ZGRkZGRkZGLnBkZgAAAAAAAAAAAAAAAAAAAAAAAAAAAAAAAAAAAAAAAAAA/////wAAAAAAAAAAAAAAAAABAAMAAAogY3UAAAAAAAAAAAAAAAAAFFBBUEVSUy1lbmVyZ3ktbW9kZWxzAAIAjC86VXNlcnM6c2FyYWhob3dlcnRlcjpEcml2ZTpVVk06R1JBOlJfRW5lcmd5TW9kZWxpbmc6bGl0cmV2aWV3OlBBUEVSUy1lbmVyZ3ktbW9kZWxzOjIwMTctU3VuX2V0YWwtc3RvY2hhc3RpYy1zY2hlZHVsaW5nLXdpbmQtcGVuZXRyYXRpb24ucGRmAA4AcgA4ADIAMAAxADcALQBTAHUAbgBfAGUAdABhAGwALQBzAHQAbwBjAGgAYQBzAHQAaQBjAC0AcwBjAGgAZQBkAHUAbABpAG4AZwAtAHcAaQBuAGQALQBwAGUAbgBlAHQAcgBhAHQAaQBvAG4ALgBwAGQAZgAPABoADABNAGEAYwBpAG4AdABvAHMAaAAgAEgARAASAIpVc2Vycy9zYXJhaGhvd2VydGVyL0RyaXZlL1VWTS9HUkEvUl9FbmVyZ3lNb2RlbGluZy9saXRyZXZpZXcvUEFQRVJTLWVuZXJneS1tb2RlbHMvMjAxNy1TdW5fZXRhbC1zdG9jaGFzdGljLXNjaGVkdWxpbmctd2luZC1wZW5ldHJhdGlvbi5wZGYAEwABLwAAFQACABT//wAAAAgADQAaACQAdAAAAAAAAAIBAAAAAAAAAAUAAAAAAAAAAAAAAAAAAALo}}

@article{vithayasrichareon2015impact,
	Author = {Vithayasrichareon, Peerapat and Mills, Graham and MacGill, Iain F},
	Date-Added = {2018-10-03 11:52:15 -0400},
	Date-Modified = {2018-10-03 12:43:41 -0400},
	Journal = {IEEE Transactions on Sustainable Energy},
	Keywords = {energy model, optimization, solar penetration, charging behavior},
	Number = {3},
	Pages = {899--908},
	Publisher = {IEEE},
	Title = {Impact of electric vehicles and solar PV on future generation portfolio investment},
	Volume = {6},
	Year = {2015},
	Bdsk-File-1 = {YnBsaXN0MDDSAQIDBFxyZWxhdGl2ZVBhdGhZYWxpYXNEYXRhXxBaUEFQRVJTLWVuZXJneS1tb2RlbHMvMjAxNS1WaXRoYXlhc3JpY2hhcmVvbl9NaWxsc19NYWNHaWxsLUVWLXNvbGFyLVBWLWZ1dHVyZS1wb3J0Zm9saW8ucGRmTxECpgAAAAACpgACAAAMTWFjaW50b3NoIEhEAAAAAAAAAAAAAAAAAAAAAAAAAEJEAAH/////HzIwMTUtVml0aGF5YXNyaWNoYSNGRkZGRkZGRi5wZGYAAAAAAAAAAAAAAAAAAAAAAAAAAAAAAAAAAAAAAAAAAP////8AAAAAAAAAAAAAAAAAAQADAAAKIGN1AAAAAAAAAAAAAAAAABRQQVBFUlMtZW5lcmd5LW1vZGVscwACAJkvOlVzZXJzOnNhcmFoaG93ZXJ0ZXI6RHJpdmU6VVZNOkdSQTpSX0VuZXJneU1vZGVsaW5nOmxpdHJldmlldzpQQVBFUlMtZW5lcmd5LW1vZGVsczoyMDE1LVZpdGhheWFzcmljaGFyZW9uX01pbGxzX01hY0dpbGwtRVYtc29sYXItUFYtZnV0dXJlLXBvcnRmb2xpby5wZGYAAA4AjABFADIAMAAxADUALQBWAGkAdABoAGEAeQBhAHMAcgBpAGMAaABhAHIAZQBvAG4AXwBNAGkAbABsAHMAXwBNAGEAYwBHAGkAbABsAC0ARQBWAC0AcwBvAGwAYQByAC0AUABWAC0AZgB1AHQAdQByAGUALQBwAG8AcgB0AGYAbwBsAGkAbwAuAHAAZABmAA8AGgAMAE0AYQBjAGkAbgB0AG8AcwBoACAASABEABIAl1VzZXJzL3NhcmFoaG93ZXJ0ZXIvRHJpdmUvVVZNL0dSQS9SX0VuZXJneU1vZGVsaW5nL2xpdHJldmlldy9QQVBFUlMtZW5lcmd5LW1vZGVscy8yMDE1LVZpdGhheWFzcmljaGFyZW9uX01pbGxzX01hY0dpbGwtRVYtc29sYXItUFYtZnV0dXJlLXBvcnRmb2xpby5wZGYAABMAAS8AABUAAgAU//8AAAAIAA0AGgAkAIEAAAAAAAACAQAAAAAAAAAFAAAAAAAAAAAAAAAAAAADKw==}}

@article{zhuge2018agent,
	Author = {Zhuge, Chengxiang and Shao, Chunfu},
	Date-Added = {2018-10-03 11:52:15 -0400},
	Date-Modified = {2018-10-03 12:47:11 -0400},
	Journal = {Networks and Spatial Economics},
	Keywords = {EVSE, sensitivity analysis},
	Pages = {1--34},
	Publisher = {Springer},
	Title = {Agent-Based Modelling of Locating Public Transport Facilities for Conventional and Electric Vehicles},
	Year = {2018},
	Bdsk-File-1 = {YnBsaXN0MDDSAQIDBFxyZWxhdGl2ZVBhdGhZYWxpYXNEYXRhXxBTUEFQRVJTLWNoYXJnaW5nLWluZnJhc3RydWN0dXJlLzIwMTgtWmh1Z2VfU2hhby1sb2NhdGluZy1wdWJsaWMtdHJhbnMtZmFjaWxpdGllcy5wZGZPEQJ+AAAAAAJ+AAIAAAxNYWNpbnRvc2ggSEQAAAAAAAAAAAAAAAAAAAAAAAAAQkQAAf////8fMjAxOC1aaHVnZV9TaGFvLWxvI0ZGRkZGRkZGLnBkZgAAAAAAAAAAAAAAAAAAAAAAAAAAAAAAAAAAAAAAAAAA/////wAAAAAAAAAAAAAAAAABAAMAAAogY3UAAAAAAAAAAAAAAAAAHlBBUEVSUy1jaGFyZ2luZy1pbmZyYXN0cnVjdHVyZQACAJIvOlVzZXJzOnNhcmFoaG93ZXJ0ZXI6RHJpdmU6VVZNOkdSQTpSX0VuZXJneU1vZGVsaW5nOmxpdHJldmlldzpQQVBFUlMtY2hhcmdpbmctaW5mcmFzdHJ1Y3R1cmU6MjAxOC1aaHVnZV9TaGFvLWxvY2F0aW5nLXB1YmxpYy10cmFucy1mYWNpbGl0aWVzLnBkZgAOAGoANAAyADAAMQA4AC0AWgBoAHUAZwBlAF8AUwBoAGEAbwAtAGwAbwBjAGEAdABpAG4AZwAtAHAAdQBiAGwAaQBjAC0AdAByAGEAbgBzAC0AZgBhAGMAaQBsAGkAdABpAGUAcwAuAHAAZABmAA8AGgAMAE0AYQBjAGkAbgB0AG8AcwBoACAASABEABIAkFVzZXJzL3NhcmFoaG93ZXJ0ZXIvRHJpdmUvVVZNL0dSQS9SX0VuZXJneU1vZGVsaW5nL2xpdHJldmlldy9QQVBFUlMtY2hhcmdpbmctaW5mcmFzdHJ1Y3R1cmUvMjAxOC1aaHVnZV9TaGFvLWxvY2F0aW5nLXB1YmxpYy10cmFucy1mYWNpbGl0aWVzLnBkZgATAAEvAAAVAAIAFP//AAAACAANABoAJAB6AAAAAAAAAgEAAAAAAAAABQAAAAAAAAAAAAAAAAAAAvw=}}

@article{mazur2018comparing,
	Author = {Mazur, Christoph and Offer, Gregory J and Contestabile, Marcello and Brandon, Nigel Brandon},
	Date-Added = {2018-10-03 11:49:56 -0400},
	Date-Modified = {2018-10-03 11:51:32 -0400},
	Journal = {Sustainability},
	Keywords = {EV adoption, autonomous vehicles, policy, energy model},
	Number = {3},
	Pages = {676},
	Publisher = {Multidisciplinary Digital Publishing Institute},
	Title = {Comparing the Effects of Vehicle Automation, Policy-Making and Changed User Preferences on the Uptake of Electric Cars and Emissions from Transport},
	Volume = {10},
	Year = {2018},
	Bdsk-File-1 = {YnBsaXN0MDDSAQIDBFxyZWxhdGl2ZVBhdGhZYWxpYXNEYXRhXxBGUEFQRVJTLUVWLWFkb3B0aW9uLzIwMTgtTWF6dXJfZXRhbC12ZWhhdXRvbWF0aW9uLXBvbGljeS11cHRha2VvZkVWLnBkZk8RAlgAAAAAAlgAAgAADE1hY2ludG9zaCBIRAAAAAAAAAAAAAAAAAAAAAAAAABCRAAB/////x8yMDE4LU1henVyX2V0YWwtdmUjRkZGRkZGRkYucGRmAAAAAAAAAAAAAAAAAAAAAAAAAAAAAAAAAAAAAAAAAAD/////AAAAAAAAAAAAAAAAAAEAAwAACiBjdQAAAAAAAAAAAAAAAAASUEFQRVJTLUVWLWFkb3B0aW9uAAIAhS86VXNlcnM6c2FyYWhob3dlcnRlcjpEcml2ZTpVVk06R1JBOlJfRW5lcmd5TW9kZWxpbmc6bGl0cmV2aWV3OlBBUEVSUy1FVi1hZG9wdGlvbjoyMDE4LU1henVyX2V0YWwtdmVoYXV0b21hdGlvbi1wb2xpY3ktdXB0YWtlb2ZFVi5wZGYAAA4AaAAzADIAMAAxADgALQBNAGEAegB1AHIAXwBlAHQAYQBsAC0AdgBlAGgAYQB1AHQAbwBtAGEAdABpAG8AbgAtAHAAbwBsAGkAYwB5AC0AdQBwAHQAYQBrAGUAbwBmAEUAVgAuAHAAZABmAA8AGgAMAE0AYQBjAGkAbgB0AG8AcwBoACAASABEABIAg1VzZXJzL3NhcmFoaG93ZXJ0ZXIvRHJpdmUvVVZNL0dSQS9SX0VuZXJneU1vZGVsaW5nL2xpdHJldmlldy9QQVBFUlMtRVYtYWRvcHRpb24vMjAxOC1NYXp1cl9ldGFsLXZlaGF1dG9tYXRpb24tcG9saWN5LXVwdGFrZW9mRVYucGRmAAATAAEvAAAVAAIAFP//AAAACAANABoAJABtAAAAAAAAAgEAAAAAAAAABQAAAAAAAAAAAAAAAAAAAsk=}}

@article{neubauer2014impact,
	Author = {Neubauer, Jeremy and Wood, Eric},
	Date-Added = {2018-10-03 11:45:02 -0400},
	Date-Modified = {2018-10-03 11:48:37 -0400},
	Journal = {Journal of power sources},
	Keywords = {range anxiety, EVSE, charging behavior, EV utility},
	Pages = {12--20},
	Publisher = {Elsevier},
	Title = {The impact of range anxiety and home, workplace, and public charging infrastructure on simulated battery electric vehicle lifetime utility},
	Volume = {257},
	Year = {2014},
	Bdsk-File-1 = {YnBsaXN0MDDSAQIDBFxyZWxhdGl2ZVBhdGhZYWxpYXNEYXRhXxBOUEFQRVJTLWNoYXJnaW5nLWluZnJhc3RydWN0dXJlLzIwMTQtTmV1YmF1ZXJfV29vZC11dGlsaXR5LXRvLXJhbmdlLWFueGlldHkucGRmTxECbAAAAAACbAACAAAMTWFjaW50b3NoIEhEAAAAAAAAAAAAAAAAAAAAAAAAAEJEAAH/////HzIwMTQtTmV1YmF1ZXJfV29vZCNGRkZGRkZGRi5wZGYAAAAAAAAAAAAAAAAAAAAAAAAAAAAAAAAAAAAAAAAAAP////8AAAAAAAAAAAAAAAAAAQADAAAKIGN1AAAAAAAAAAAAAAAAAB5QQVBFUlMtY2hhcmdpbmctaW5mcmFzdHJ1Y3R1cmUAAgCNLzpVc2VyczpzYXJhaGhvd2VydGVyOkRyaXZlOlVWTTpHUkE6Ul9FbmVyZ3lNb2RlbGluZzpsaXRyZXZpZXc6UEFQRVJTLWNoYXJnaW5nLWluZnJhc3RydWN0dXJlOjIwMTQtTmV1YmF1ZXJfV29vZC11dGlsaXR5LXRvLXJhbmdlLWFueGlldHkucGRmAAAOAGAALwAyADAAMQA0AC0ATgBlAHUAYgBhAHUAZQByAF8AVwBvAG8AZAAtAHUAdABpAGwAaQB0AHkALQB0AG8ALQByAGEAbgBnAGUALQBhAG4AeABpAGUAdAB5AC4AcABkAGYADwAaAAwATQBhAGMAaQBuAHQAbwBzAGgAIABIAEQAEgCLVXNlcnMvc2FyYWhob3dlcnRlci9Ecml2ZS9VVk0vR1JBL1JfRW5lcmd5TW9kZWxpbmcvbGl0cmV2aWV3L1BBUEVSUy1jaGFyZ2luZy1pbmZyYXN0cnVjdHVyZS8yMDE0LU5ldWJhdWVyX1dvb2QtdXRpbGl0eS10by1yYW5nZS1hbnhpZXR5LnBkZgAAEwABLwAAFQACABT//wAAAAgADQAaACQAdQAAAAAAAAIBAAAAAAAAAAUAAAAAAAAAAAAAAAAAAALl}}

@article{bonges2016addressing,
	Author = {Bonges III, Henry A and Lusk, Anne C},
	Date-Added = {2018-10-03 11:42:40 -0400},
	Date-Modified = {2018-10-03 11:45:36 -0400},
	Journal = {Transportation Research Part A: Policy and Practice},
	Keywords = {EV adoption, range anxiety},
	Pages = {63--73},
	Publisher = {Elsevier},
	Title = {Addressing electric vehicle (EV) sales and range anxiety through parking layout, policy and regulation},
	Volume = {83},
	Year = {2016},
	Bdsk-File-1 = {YnBsaXN0MDDSAQIDBFxyZWxhdGl2ZVBhdGhZYWxpYXNEYXRhXxA+UEFQRVJTLUVWLWFkb3B0aW9uLzIwMTYtQm9uZ2VzX0x1c2stRVYtc2FsZXMtcmFuZ2UtYW54aWV0eS5wZGZPEQI4AAAAAAI4AAIAAAxNYWNpbnRvc2ggSEQAAAAAAAAAAAAAAAAAAAAAAAAAQkQAAf////8fMjAxNi1Cb25nZXNfTHVzay1FI0ZGRkZGRkZGLnBkZgAAAAAAAAAAAAAAAAAAAAAAAAAAAAAAAAAAAAAAAAAA/////wAAAAAAAAAAAAAAAAABAAMAAAogY3UAAAAAAAAAAAAAAAAAElBBUEVSUy1FVi1hZG9wdGlvbgACAH0vOlVzZXJzOnNhcmFoaG93ZXJ0ZXI6RHJpdmU6VVZNOkdSQTpSX0VuZXJneU1vZGVsaW5nOmxpdHJldmlldzpQQVBFUlMtRVYtYWRvcHRpb246MjAxNi1Cb25nZXNfTHVzay1FVi1zYWxlcy1yYW5nZS1hbnhpZXR5LnBkZgAADgBYACsAMgAwADEANgAtAEIAbwBuAGcAZQBzAF8ATAB1AHMAawAtAEUAVgAtAHMAYQBsAGUAcwAtAHIAYQBuAGcAZQAtAGEAbgB4AGkAZQB0AHkALgBwAGQAZgAPABoADABNAGEAYwBpAG4AdABvAHMAaAAgAEgARAASAHtVc2Vycy9zYXJhaGhvd2VydGVyL0RyaXZlL1VWTS9HUkEvUl9FbmVyZ3lNb2RlbGluZy9saXRyZXZpZXcvUEFQRVJTLUVWLWFkb3B0aW9uLzIwMTYtQm9uZ2VzX0x1c2stRVYtc2FsZXMtcmFuZ2UtYW54aWV0eS5wZGYAABMAAS8AABUAAgAU//8AAAAIAA0AGgAkAGUAAAAAAAACAQAAAAAAAAAFAAAAAAAAAAAAAAAAAAACoQ==}}

@article{carley2013intent,
	Author = {Carley, Sanya and Krause, Rachel M and Lane, Bradley W and Graham, John D},
	Date-Added = {2018-10-03 11:41:22 -0400},
	Date-Modified = {2018-10-03 11:45:58 -0400},
	Journal = {Transportation Research Part D: Transport and Environment},
	Keywords = {EV adoption},
	Pages = {39--45},
	Publisher = {Elsevier},
	Title = {Intent to purchase a plug-in electric vehicle: A survey of early impressions in large US cites},
	Volume = {18},
	Year = {2013},
	Bdsk-File-1 = {YnBsaXN0MDDSAQIDBFxyZWxhdGl2ZVBhdGhZYWxpYXNEYXRhXxBCUEFQRVJTLUVWLWFkb3B0aW9uLzIwMTMtQ2FybGV5X2V0YWwtcGx1Zy1pbi1FVi1wdXJjaGFzZS1pbnRlbnQucGRmTxECSAAAAAACSAACAAAMTWFjaW50b3NoIEhEAAAAAAAAAAAAAAAAAAAAAAAAAEJEAAH/////HzIwMTMtQ2FybGV5X2V0YWwtcCNGRkZGRkZGRi5wZGYAAAAAAAAAAAAAAAAAAAAAAAAAAAAAAAAAAAAAAAAAAP////8AAAAAAAAAAAAAAAAAAQADAAAKIGN1AAAAAAAAAAAAAAAAABJQQVBFUlMtRVYtYWRvcHRpb24AAgCBLzpVc2VyczpzYXJhaGhvd2VydGVyOkRyaXZlOlVWTTpHUkE6Ul9FbmVyZ3lNb2RlbGluZzpsaXRyZXZpZXc6UEFQRVJTLUVWLWFkb3B0aW9uOjIwMTMtQ2FybGV5X2V0YWwtcGx1Zy1pbi1FVi1wdXJjaGFzZS1pbnRlbnQucGRmAAAOAGAALwAyADAAMQAzAC0AQwBhAHIAbABlAHkAXwBlAHQAYQBsAC0AcABsAHUAZwAtAGkAbgAtAEUAVgAtAHAAdQByAGMAaABhAHMAZQAtAGkAbgB0AGUAbgB0AC4AcABkAGYADwAaAAwATQBhAGMAaQBuAHQAbwBzAGgAIABIAEQAEgB/VXNlcnMvc2FyYWhob3dlcnRlci9Ecml2ZS9VVk0vR1JBL1JfRW5lcmd5TW9kZWxpbmcvbGl0cmV2aWV3L1BBUEVSUy1FVi1hZG9wdGlvbi8yMDEzLUNhcmxleV9ldGFsLXBsdWctaW4tRVYtcHVyY2hhc2UtaW50ZW50LnBkZgAAEwABLwAAFQACABT//wAAAAgADQAaACQAaQAAAAAAAAIBAAAAAAAAAAUAAAAAAAAAAAAAAAAAAAK1}}

@article{latinopoulos2017modeling,
	Author = {Latinopoulos, C a nd Sivakumar, Aruna and Polak, JW},
	Date-Added = {2018-10-03 11:39:23 -0400},
	Date-Modified = {2018-10-03 11:47:58 -0400},
	Keywords = {EVSE, range anxiety, charging behavior},
	Title = {Modeling electric vehicle charging behaviour: What is the relationship between charging location, driving distance and range anxiety?},
	Year = {2017},
	Bdsk-File-1 = {YnBsaXN0MDDSAQIDBFxyZWxhdGl2ZVBhdGhZYWxpYXNEYXRhXxBRUEFQRVJTLWNoYXJnaW5nLWJlaGF2aW9yLzIwMTctQ2hhcmlsYW9zX2V0YWwtRVZjaGFyZ2luZy1iZWhhdmlvci1yYW5nZWFueGlldHkucGRmTxECfAAAAAACfAACAAAMTWFjaW50b3NoIEhEAAAAAAAAAAAAAAAAAAAAAAAAAEJEAAH/////HzIwMTctQ2hhcmlsYW9zX2V0YSNGRkZGRkZGRi5wZGYAAAAAAAAAAAAAAAAAAAAAAAAAAAAAAAAAAAAAAAAAAP////8AAAAAAAAAAAAAAAAAAQADAAAKIGN1AAAAAAAAAAAAAAAAABhQQVBFUlMtY2hhcmdpbmctYmVoYXZpb3IAAgCQLzpVc2VyczpzYXJhaGhvd2VydGVyOkRyaXZlOlVWTTpHUkE6Ul9FbmVyZ3lNb2RlbGluZzpsaXRyZXZpZXc6UEFQRVJTLWNoYXJnaW5nLWJlaGF2aW9yOjIwMTctQ2hhcmlsYW9zX2V0YWwtRVZjaGFyZ2luZy1iZWhhdmlvci1yYW5nZWFueGlldHkucGRmAA4AcgA4ADIAMAAxADcALQBDAGgAYQByAGkAbABhAG8AcwBfAGUAdABhAGwALQBFAFYAYwBoAGEAcgBnAGkAbgBnAC0AYgBlAGgAYQB2AGkAbwByAC0AcgBhAG4AZwBlAGEAbgB4AGkAZQB0AHkALgBwAGQAZgAPABoADABNAGEAYwBpAG4AdABvAHMAaAAgAEgARAASAI5Vc2Vycy9zYXJhaGhvd2VydGVyL0RyaXZlL1VWTS9HUkEvUl9FbmVyZ3lNb2RlbGluZy9saXRyZXZpZXcvUEFQRVJTLWNoYXJnaW5nLWJlaGF2aW9yLzIwMTctQ2hhcmlsYW9zX2V0YWwtRVZjaGFyZ2luZy1iZWhhdmlvci1yYW5nZWFueGlldHkucGRmABMAAS8AABUAAgAU//8AAAAIAA0AGgAkAHgAAAAAAAACAQAAAAAAAAAFAAAAAAAAAAAAAAAAAAAC+A==}}

@article{adepetu2017relative,
	Author = {Adepetu, Adedamola and Keshav, Srinivasan},
	Date-Added = {2018-10-03 11:39:07 -0400},
	Date-Modified = {2018-11-27 12:46:59 -0500},
	Journal = {Transportation},
	Keywords = {EV adoption, agent-based model},
	Number = {2},
	Pages = {353--373},
	Publisher = {Springer},
	Title = {The relative importance of price and driving range on electric vehicle adoption: Los Angeles case study},
	Volume = {44},
	Year = {2017},
	Bdsk-File-1 = {YnBsaXN0MDDSAQIDBFxyZWxhdGl2ZVBhdGhZYWxpYXNEYXRhXxBCUEFQRVJTLUVWLWFkb3B0aW9uLzIwMTctQWRlcGV0dV9LZXNoYXYtRVYtYWRvcHRpb24tTEFjYXNlc3R1ZHkucGRmTxECSAAAAAACSAACAAAMTWFjaW50b3NoIEhEAAAAAAAAAAAAAAAAAAAAAAAAAEJEAAH/////HzIwMTctQWRlcGV0dV9LZXNoYSNGRkZGRkZGRi5wZGYAAAAAAAAAAAAAAAAAAAAAAAAAAAAAAAAAAAAAAAAAAP////8AAAAAAAAAAAAAAAAAAQADAAAKIGN1AAAAAAAAAAAAAAAAABJQQVBFUlMtRVYtYWRvcHRpb24AAgCBLzpVc2VyczpzYXJhaGhvd2VydGVyOkRyaXZlOlVWTTpHUkE6Ul9FbmVyZ3lNb2RlbGluZzpsaXRyZXZpZXc6UEFQRVJTLUVWLWFkb3B0aW9uOjIwMTctQWRlcGV0dV9LZXNoYXYtRVYtYWRvcHRpb24tTEFjYXNlc3R1ZHkucGRmAAAOAGAALwAyADAAMQA3AC0AQQBkAGUAcABlAHQAdQBfAEsAZQBzAGgAYQB2AC0ARQBWAC0AYQBkAG8AcAB0AGkAbwBuAC0ATABBAGMAYQBzAGUAcwB0AHUAZAB5AC4AcABkAGYADwAaAAwATQBhAGMAaQBuAHQAbwBzAGgAIABIAEQAEgB/VXNlcnMvc2FyYWhob3dlcnRlci9Ecml2ZS9VVk0vR1JBL1JfRW5lcmd5TW9kZWxpbmcvbGl0cmV2aWV3L1BBUEVSUy1FVi1hZG9wdGlvbi8yMDE3LUFkZXBldHVfS2VzaGF2LUVWLWFkb3B0aW9uLUxBY2FzZXN0dWR5LnBkZgAAEwABLwAAFQACABT//wAAAAgADQAaACQAaQAAAAAAAAIBAAAAAAAAAAUAAAAAAAAAAAAAAAAAAAK1}}

@article{fiori2018microscopic,
	Author = {Fiori, Chiara and Ahn, Kyoungho and Rakha, Hesham A},
	Date-Added = {2018-10-03 11:38:48 -0400},
	Date-Modified = {2018-11-27 12:42:38 -0500},
	Journal = {Transportation Research Part D: Transport and Environment},
	Keywords = {energy model},
	Pages = {175--185},
	Publisher = {Elsevier},
	Title = {Microscopic series plug-in hybrid electric vehicle energy consumption model: Model development and validation},
	Volume = {63},
	Year = {2018},
	Bdsk-File-1 = {YnBsaXN0MDDSAQIDBFxyZWxhdGl2ZVBhdGhZYWxpYXNEYXRhXxBAUEFQRVJTLUVWLWFkb3B0aW9uLzIwMTgtRmlvcmlfQWhuX1Jha2hhLUVWLWNvbnN1bXB0aW9uLW1vZGVsLnBkZk8RAkAAAAAAAkAAAgAADE1hY2ludG9zaCBIRAAAAAAAAAAAAAAAAAAAAAAAAABCRAAB/////x8yMDE4LUZpb3JpX0Fobl9SYWsjRkZGRkZGRkYucGRmAAAAAAAAAAAAAAAAAAAAAAAAAAAAAAAAAAAAAAAAAAD/////AAAAAAAAAAAAAAAAAAEAAwAACiBjdQAAAAAAAAAAAAAAAAASUEFQRVJTLUVWLWFkb3B0aW9uAAIAfy86VXNlcnM6c2FyYWhob3dlcnRlcjpEcml2ZTpVVk06R1JBOlJfRW5lcmd5TW9kZWxpbmc6bGl0cmV2aWV3OlBBUEVSUy1FVi1hZG9wdGlvbjoyMDE4LUZpb3JpX0Fobl9SYWtoYS1FVi1jb25zdW1wdGlvbi1tb2RlbC5wZGYAAA4AXAAtADIAMAAxADgALQBGAGkAbwByAGkAXwBBAGgAbgBfAFIAYQBrAGgAYQAtAEUAVgAtAGMAbwBuAHMAdQBtAHAAdABpAG8AbgAtAG0AbwBkAGUAbAAuAHAAZABmAA8AGgAMAE0AYQBjAGkAbgB0AG8AcwBoACAASABEABIAfVVzZXJzL3NhcmFoaG93ZXJ0ZXIvRHJpdmUvVVZNL0dSQS9SX0VuZXJneU1vZGVsaW5nL2xpdHJldmlldy9QQVBFUlMtRVYtYWRvcHRpb24vMjAxOC1GaW9yaV9BaG5fUmFraGEtRVYtY29uc3VtcHRpb24tbW9kZWwucGRmAAATAAEvAAAVAAIAFP//AAAACAANABoAJABnAAAAAAAAAgEAAAAAAAAABQAAAAAAAAAAAAAAAAAAAqs=}}
